@Article{	  hubert1985comparing,
  title		= {Comparing partitions},
  author	= {Hubert, Lawrence and Arabie, Phipps},
  journal	= {Journal of classification},
  volume	= {2},
  number	= {1},
  pages		= {193--218},
  year		= {1985},
  publisher	= {Springer}
}

@Article{	  barabasi2014network,
	title		= "{Network science book}",
	author	= {Barab{\'a}si, A.-L.},
	journal	= {Network Science},
	volume	= {625},
	year		= {2014}
}

@Article{	  schweitzer2018sociophysics,
	title		= {Sociophysics},
	author	= {Schweitzer, Frank},
	journal	= {Phys. Today},
	volume	= {71},
	number	= {2},
	pages		= {40},
	year		= {2018}
}

@Book{		  barabasi2016network,
	added-at	= {2016-10-10T20:23:59.000+0200},
	address	= {Cambridge},
	author	= {Barabási, Albert-László and Pósfai, Márton},
	interhash	= {2dcba3ae6b58627716c5d2a63f7c0855},
	intrahash	= {2a71231091413325c03aaed76c32a66b},
	isbn		= {9781107076266 1107076269},
	keywords	= {required sna snaseminar},
	publisher	= {Cambridge University Press},
	refid		= {958874494},
	timestamp	= {2016-12-18T12:26:46.000+0100},
	title		= {Network science},
	year		= 2016
}

@Article{	  krings2012effects,
	title		= {Effects of time window size and placement on the structure
	of an aggregated communication network},
	author	= {Krings, Gautier and Karsai, M{\'a}rton and Bernhardsson,
	Sebastian and Blondel, Vincent D and Saram{\"a}ki, Jari},
	journal	= {EPJ Data Science},
	volume	= {1},
	number	= {1},
	pages		= {1--16},
	year		= {2012},
	publisher	= {SpringerOpen}
}

@Article{	  kivelamultilayer,
	author	= {Kivelä, Mikko and Arenas, Alex and Barthelemy, Marc and
	Gleeson, James P. and Moreno, Yamir and Porter, Mason A.},
	title		= "{Multilayer networks}",
	journal	= {Journal of Complex Networks},
	volume	= {2},
	number	= {3},
	pages		= {203-271},
	year		= {2014},
	month		= {07},
	issn		= {2051-1310},
	doi		= {10.1093/comnet/cnu016},
	url		= {https://doi.org/10.1093/comnet/cnu016},
	eprint	= {https://academic.oup.com/comnet/article-pdf/2/3/203/9130906/cnu016.pdf}
}

@Article{	  gallagher2020clarified,
	title		= {A clarified typology of core-periphery structure in
	networks},
	author	= {Gallagher, Ryan J and Young, Jean-Gabriel and Welles,
	Brooke Foucault},
	journal	= {arXiv preprint arXiv:2005.10191},
	year		= {2020}
}

@Article{	  porter2018multilayer,
	title		= {What is... a multilayer network},
	author	= {Porter, Mason A},
	journal	= {Notices of the AMS},
	volume	= {65},
	number	= {11},
	year		= {2018}
}

@Book{		  dorogovtsev2010complex,
	title		= "{Complex networks}",
	author	= {Dorogovtsev, S.},
	year		= {2010},
	publisher	= {Oxford: Oxford University Press}
}

@InProceedings{	  melnikov2018toward,
	author	= {A. {Melnikov} and J. {Lee} and V. {Rivera} and M.
	{Mazzara} and L. {Longo}},
	booktitle	= {2018 IEEE 32nd International Conference on Advanced
	Information Networking and Applications (AINA)},
	title		= {Towards Dynamic Interaction-Based Reputation Models},
	year		= {2018},
	volume	= {},
	number	= {},
	pages		= {422-428},
	doi		= {10.1109/AINA.2018.00070}
}

@Article{	  tiago2,
	title		= {Quantification of network structural dissimilarities},
	author	= {Schieber, Tiago A and Carpi, Laura and D{\'\i}az-Guilera,
	Albert and Pardalos, Panos M and Masoller, Cristina and
	Ravetti, Mart{\'\i}n G},
	journal	= {Nature communications},
	volume	= {8},
	number	= {1},
	pages		= {1--10},
	year		= {2017},
	publisher	= {Nature Publishing Group}
}

@Article{	  martin,
author	= {Martin Rosvall and Jean{-}Charles Delvenne and Michael T.
Schaub and Renaud Lambiotte},
title		= {Different approaches to community detection},
journal	= {CoRR},
volume	= {abs/1712.06468},
year		= {2017},
url		= {http://arxiv.org/abs/1712.06468},
archiveprefix	= {arXiv},
eprint	= {1712.06468},
timestamp	= {Mon, 13 Aug 2018 16:45:58 +0200},
biburl	= {https://dblp.org/rec/bib/journals/corr/abs-1712-06468},
bibsource	= {dblp computer science bibliography, https://dblp.org}
}



@Article{	  mitzenmacher2004brief,
	title		= {A brief history of generative models for power law and
	lognormal distributions},
	author	= {Mitzenmacher, Michael},
	journal	= {Internet mathematics},
	volume	= {1},
	number	= {2},
	pages		= {226--251},
	year		= {2004},
	publisher	= {Taylor \& Francis}
}

@InProceedings{	  kairam2012life,
	title		= {The life and death of online groups: Predicting group
	growth and longevity},
	author	= {Kairam, Sanjay Ram and Wang, Dan J and Leskovec, Jure},
	booktitle	= {Proceedings of the fifth ACM international conference on
	Web search and data mining},
	pages		= {673--682},
	year		= {2012}
}

@Article{	  qian2014origin,
	title		= {Origin of Gibrat law in Internet: Asymmetric distribution
	of the correlation},
	author	= {Qian, Jiang-Hai and Chen, Qu and Han, Ding-Ding and Ma,
	Yu-Gang and Shen, Wen-Qing},
	journal	= {Physical Review E},
	volume	= {89},
	number	= {6},
	pages		= {062808},
	year		= {2014},
	publisher	= {APS}
}

@InProceedings{	 zheleva2009co,
	title		= {Co-evolution of social and affiliation networks},
	author	= {Zheleva, Elena and Sharara, Hossam and Getoor, Lise},
	booktitle	= {Proceedings of the 15th ACM SIGKDD international
	conference on Knowledge discovery and data mining},
	pages		= {1007--1016},
	year		= {2009}
}

@InProceedings{	  backstrom2006group,
	title		= {Group formation in large social networks: membership,
	growth, and evolution},
	author	= {Backstrom, Lars and Huttenlocher, Dan and Kleinberg, Jon
	and Lan, Xiangyang},
	booktitle	= {Proceedings of the 12th ACM SIGKDD international
	conference on Knowledge discovery and data mining},
	pages		= {44--54},
	year		= {2006}
}

@Article{	  jsdivergence,
	title		= {Properties of classical and quantum Jensen-Shannon
	divergence},
	author	= {Bri\"et, Jop and Harremo\"es, Peter},
	journal	= {Phys. Rev. A},
	volume	= {79},
	issue		= {5},
	pages		= {052311},
	numpages	= {11},
	year		= {2009},
	month		= {May},
	publisher	= {American Physical Society}
}

@Article{	  clauset2009power,
	title		= {Power-law distributions in empirical data},
	author	= {Clauset, Aaron and Shalizi, Cosma Rohilla and Newman, Mark
	EJ},
	journal	= {SIAM review},
	volume	= {51},
	number	= {4},
	pages		= {661--703},
	year		= {2009},
	publisher	= {SIAM}
}


@Article{	  dankulov2015dynamics,
	title		= {The dynamics of meaningful social interactions and the
	emergence of collective knowledge},
	author	= {Dankulov, Marija Mitrovi{\'c} and Melnik, Roderick and
	Tadi{\'c}, Bosiljka},
	journal	= {Scientific reports},
	volume	= {5},
	number	= {1},
	pages		= {1--10},
	year		= {2015},
	publisher	= {Nature Publishing Group}
}

@Article{	  powerlaw,
	doi		= {10.1371/journal.pone.0085777},
	author	= {Alstott, Jeff AND Bullmore, Ed AND Plenz, Dietmar},
	journal	= {PLOS ONE},
	publisher	= {Public Library of Science},
	title		= {powerlaw: A Python Package for Analysis of Heavy-Tailed
	Distributions},
	year		= {2014},
	month		= {01},
	volume	= {9},
	url		= {https://doi.org/10.1371/journal.pone.0085777},
	pages		= {1-11},
	number	= {1}
}

@Article{	  orsini2015quantifying,
	title		= "{Quantifying randomness in real networks}",
	author	= {Orsini, C. and Mitrovi\'c Dankulov, M. and
	Colomer-de-Sim{\'o}n, P. and Jamakovic, A. and Mahadevan,
	P. and Vahdat, A. and Bassler, K. E. and Toroczkai, Z. and
	Bogu{\~n}{\'a}, M. and Caldarelli, G. and Fortunato, S. and
	Kriukov D.},
	journal	= {Nat. Commun},
	volume	= {6},
	pages		= {8627},
	year		= {2015},
	publisher	= {Nature Publishing Group}
}

@Article{	  centola2007cascade,
	title		= {Cascade dynamics of complex propagation},
	author	= {Centola, Damon and Egu{\'\i}luz, V{\'\i}ctor M and Macy,
	Michael W},
	journal	= {Physica A: Statistical Mechanics and its Applications},
	volume	= {374},
	number	= {1},
	pages		= {449--456},
	year		= {2007},
	publisher	= {Elsevier}
}

@Article{	  gabaix1999,
	title		= "{Zipf's Law and the Growth of Cities}",
	author	= {Gabaix, X.},
	journal	= {Am. Econ. Rev.},
	volume	= {89},
	pages		= {129--132},
	year		= {1999}
}

@Article{	  santos2019activity,
	title		= {Activity archetypes in question-and-Answer (Q8A)
	websites—a study of 50 stack exchange instances},
	author	= {Santos, Tiago and Walk, Simon and Kern, Roman and
	Strohmaier, Markus and Helic, Denis},
	journal	= {ACM Transactions on Social Computing},
	volume	= {2},
	number	= {1},
	pages		= {1--23},
	year		= {2019},
	publisher	= {ACM New York, NY, USA}
}

@InProceedings{	  santos2019self,
	title		= {Self-and cross-excitation in stack exchange question \&
	answer communities},
	author	= {Santos, Tiago and Walk, Simon and Kern, Roman and
	Strohmaier, Markus and Helic, Denis},
	booktitle	= {The World Wide Web Conference},
	pages		= {1634--1645},
	year		= {2019}
}

@Article{	  dover2020sustainable,
	title		= {Sustainable online communities exhibit distinct
	hierarchical structures across scales of size},
	author	= {Dover, Yaniv and Goldenberg, Jacob and Shapira, Daniel},
	journal	= {Proceedings of the Royal Society A},
	volume	= {476},
	number	= {2239},
	pages		= {20190730},
	year		= {2020},
	publisher	= {The Royal Society Publishing}
}

@InProceedings{	  yashkina2020,
	title		= {Expressing Trust with Temporal Frequency of User
	Interaction in Online Communities},
	author	= {{Yashkina}, {Ekaterina} and {Pinigin}, {Arseny} and {Lee},
	{JooYoung} and {Mazzara}, {Manuel} and {Adekotujo},
	{Akinlolu Solomon} and {Zubair}, {Adam} and {Longo},
	{Luca}},
	editor	= {{Barolli}, {Leonard} and {Takizawa}, {Makoto} and {Xhafa},
	{Fatos} and {Enokido}, {Tomoya}},
	year		= {2020},
	date		= {2020},
	publisher	= {Springer International Publishing},
	pages		= {1133--1146},
	series	= {Advances in Intelligent Systems and Computing},
	doi		= {10.1007/978-3-030-15032-7_95},
	address	= {Cham},
	langid	= {en}
}
@Article{	  barthelemy2019,
	title		= "{The statistical physics of cities}",
	author	= {Barthelemy, M.},
	journal	= { Nat. Rev. Phys },
	volume	= {1},
	pages		= {406--415},
	year		= {2019},
	publisher	= {Nature Publishing Group}
}

@InProceedings{	  myers2014,
	title		= "{The bursty dynamics of the twitter information network}",
	author	= {Myers, S. A. and Leskovec, J.},
	booktitle	= {Proceedings of the 23rd international conference on World
	wide web},
	pages		= {913--924},
	year		= {2014}
}

@Article{	  schneider2011modeling,
	title		= "{Modeling the topology of protein interaction networks}",
	author	= {Schneider, C. M. and de Arcangelis, L. and Herrmann, H.
	J.},
	journal	= {Phys. Rev. E},
	volume	= {84},
	pages		= {016112},
	year		= {2011},
	publisher	= {APS}
}

@Article{	  latora2017complex,
	title		= {Complex Networks: Principles, Methods and Applications},
	author	= {Latora, V. and Nicosia, V. and Russo, G.},
	isbn		= {9781107103184},
	lccn		= {2017026029},
	series	= {Complex Networks: Principles, Methods and Applications},
	url		= {https://books.google.rs/books?id=qV0yDwAAQBAJ},
	year		= {2017},
	publisher	= {Cambridge University Press}
}

@Article{	  ladyman2013,
	title		= {What is a complex system?},
	author	= {Ladyman, James and Lambert, James and Wiesner, Karoline},
	journal	= {European Journal for Philosophy of Science},
	volume	= {3},
	number	= {1},
	pages		= {33--67},
	year		= {2013},
	publisher	= {Springer}
}

@Article{	  verbavatz2020,
	title		= "{The growth equation of cities}",
	author	= {Verbavatz, V. and Barthelemy, M.},
	journal	= {Nature},
	volume	= {587},
	pages		= {397--401},
	year		= {2020},
	publisher	= {Nature Publishing Group}
}

@Article{	  chatterjee2013,
	title		= {Universality in voting behavior: an empirical analysis},
	author	= {Chatterjee, Arnab and Mitrovi{\'c}, Marija and Fortunato,
	Santo},
	journal	= {Scientific reports},
	volume	= {3},
	number	= {1},
	pages		= {1--9},
	year		= {2013},
	publisher	= {Nature Publishing Group}
}

@Article{	  kwapien2012,
	title		= "{Physical approach to complex systems}",
	author	= {Kwapie{\'n}, J. and Dro{\.z}d{\.z}, S.},
	journal	= {Phys. Rep},
	volume	= {515},
	pages		= {115--226},
	year		= {2012},
	publisher	= {Elsevier}
}

@Book{		  binney1992,
	title		= "{The theory of critical phenomena: an introduction to the
	renormalization group}",
	author	= {Binney, J. J. and Dowrick, N. J. and Fisher, A. J. and
	Newman, M. E. J.},
	year		= {1992},
	publisher	= {Oxford University Press}
}

@InCollection{	  thurner2018,
	author	= {Thurner, Stefan and Hanel, Rudolf and Klimekl, Peter},
	isbn		= {9780198821939},
	title		= "{93Scaling}",
	booktitle	= "{Introduction to the Theory of Complex Systems}",
	publisher	= {Oxford University Press},
	year		= {2018},
	month		= {09}
}

@Article{	  suvakov2013,
	author	= {\v{S}uvakov, M. and Mitrovi\'{c}, M. and Gligorijevi\'{c},
	V. and Tadi\'{c}, B. },
	title		= "{How the online social networks are used: dialogues-based
	structure of MySpace}",
	journal	= {Journal of The Royal Society Interface},
	volume	= {10},
	pages		= {20120819},
	year		= {2013}
}

@Article{	  smiljanic2017associative,
	title		= {Associative nature of event participation dynamics: A
	network theory approach},
	author	= {Smiljani{\'c}, Jelena and Mitrovi{\'c} Dankulov, Marija},
	journal	= {PloS one},
	volume	= {12},
	number	= {2},
	pages		= {e0171565},
	year		= {2017},
	publisher	= {Public Library of Science San Francisco, CA USA}
}

@Article{	  makse1996method,
	title		= {Method for generating long-range correlations for large
	systems},
	author	= {Makse, Hern{\'a}n A and Havlin, Shlomo and Schwartz, Moshe
	and Stanley, H Eugene},
	journal	= {Physical Review E},
	volume	= {53},
	number	= {5},
	pages		= {5445},
	year		= {1996},
	publisher	= {APS}
}

@Article{	  fu2005growth,
	title		= {The growth of business firms: Theoretical framework and
	empirical evidence},
	author	= {Fu, Dongfeng and Pammolli, Fabio and Buldyrev, Sergey V
	and Riccaboni, Massimo and Matia, Kaushik and Yamasaki,
	Kazuko and Stanley, H Eugene},
	journal	= {Proceedings of the National Academy of Sciences},
	volume	= {102},
	number	= {52},
	pages		= {18801--18806},
	year		= {2005},
	publisher	= {National Acad Sciences}
}

@Article{	  mondani2014fat,
	title		= {Fat-tailed fluctuations in the size of organizations: the
	role of social influence},
	author	= {Mondani, Hernan and Holme, Petter and Liljeros, Fredrik},
	journal	= {PLoS One},
	volume	= {9},
	number	= {7},
	pages		= {e100527},
	year		= {2014},
	publisher	= {Public Library of Science San Francisco, USA}
}


@Article{	  frasco2014spatially,
	title		= {Spatially distributed social complex networks},
	author	= {Frasco, Gerald F and Sun, Jie and Rozenfeld, Hern{\'a}n D
	and Ben-Avraham, Daniel},
	journal	= {Physical Review X},
	volume	= {4},
	number	= {1},
	pages		= {011008},
	year		= {2014},
	publisher	= {APS}
}

@Article{	  mitrovic2011quantitative,
	title		= {Quantitative analysis of bloggers’ collective behavior
	powered by emotions},
	author	= {Mitrovi{\'c}, Marija and Paltoglou, Georgios and
	Tadi{\'c}, Bosiljka},
	journal	= {Journal of Statistical Mechanics: Theory and Experiment},
	volume	= {2011},
	number	= {02},
	pages		= {P02005},
	year		= {2011},
	publisher	= {IOP Publishing}
}

@Article{	  costa2007characterization,
	title		= {Characterization of complex networks: A survey of
	measurements},
	author	= {Costa, L da F and Rodrigues, Francisco A and Travieso,
	Gonzalo and Villas Boas, Paulino Ribeiro},
	journal	= {Advances in physics},
	volume	= {56},
	number	= {1},
	pages		= {167--242},
	year		= {2007},
	publisher	= {Taylor \& Francis}
}

@Article{	  fortunato2010community,
	title		= {Community detection in graphs},
	author	= {Fortunato, Santo},
	journal	= {Physics reports},
	volume	= {486},
	number	= {3-5},
	pages		= {75--174},
	year		= {2010},
	publisher	= {Elsevier}
}

@Article{	  funke2019,
	author	= {Funke, Thorben AND Becker, Till},
	journal	= {PLOS ONE},
	publisher	= {Public Library of Science},
	title		= {Stochastic block models: A comparison of variants and
	inference methods},
	year		= {2019},
	month		= {04},
	volume	= {14},
	url		= {https://doi.org/10.1371/journal.pone.0215296},
	pages		= {1-40},
	number	= {4},
	doi		= {10.1371/journal.pone.0215296}
}

@Article{	  ihlen2012,
	title		= "{Introduction to multifractal detrended fluctuation
	analysis in Matlab}",
	author	= {Ihlen, E. Alexander F. E.A.F.I.},
	journal	= {Front. Psychol.},
	volume	= {3},
	pages		= {141},
	year		= {2012},
	publisher	= {Frontiers}
}

@Book{		  nair2022fundamentals,
	title		= {The Fundamentals of Heavy Tails},
	author	= {Nair, J. and Wierman, A. and Zwart, B.},
	isbn		= {9781316511732},
	series	= {Cambridge Series in Statistical and Probabilistic
	Mathematics},
	url		= {https://books.google.rs/books?id=T5NsEAAAQBAJ},
	year		= {2022},
	publisher	= {Cambridge University Press}
}

@Article{	  kantelhardt2002,
	title		= {Multifractal detrended fluctuation analysis of
	nonstationary time series},
	author	= {Kantelhardt, Jan W and Zschiegner, Stephan A and
	Koscielny-Bunde, Eva and Havlin, Shlomo and Bunde, Armin
	and Stanley, H Eugene},
	journal	= {Physica A: Statistical Mechanics and its Applications},
	volume	= {316},
	number	= {1-4},
	pages		= {87--114},
	year		= {2002},
	publisher	= {Elsevier}
}

@Article{	  hajra2004,
	title		= {Phase transitions in an aging network},
	author	= {Hajra, Kamalika Basu and Sen, Parongama},
	journal	= {Physical Review E},
	volume	= {70},
	number	= {5},
	pages		= {056103},
	year		= {2004},
	publisher	= {APS}
}

@Article{	  dorogovtsev2001b,
	title		= {Scaling properties of scale-free evolving networks:
	Continuous approach},
	author	= {Dorogovtsev, Sergey N and Mendes, Jos{\'e} FF},
	journal	= {Physical Review E},
	volume	= {63},
	number	= {5},
	pages		= {056125},
	year		= {2001},
	publisher	= {APS}
}

@Book{		  caldarelli2007scalefree,
	author	= {Caldarelli, Guido},
	year		= {2007},
	month		= {05},
	pages		= {},
	title		= {Scale-Free Networks: Complex Webs in Nature and
	Technology},
	journal	= {Scale-Free Networks: Complex Webs in Nature and
	Technology},
	doi		= {10.1093/acprof:oso/9780199211517.001.0001}
}

@Article{	  watts1998collective,
	title		= "{Collective dynamics of ‘small-world’networks}",
	author	= {Watts, D. J. and Strogatz, S. H.},
	journal	= {Nature},
	volume	= {393},
	pages		= {440--442},
	year		= {1998},
	publisher	= {Nature Publishing Group}
}

@Article{	  boccaletti2006complex,
	title		= {Complex networks: Structure and dynamics},
	author	= {Boccaletti, Stefano and Latora, Vito and Moreno, Yamir and
	Chavez, Martin and Hwang, D-U},
	journal	= {Physics reports},
	volume	= {424},
	number	= {4-5},
	pages		= {175--308},
	year		= {2006},
	publisher	= {Elsevier}
}

@Article{	  newman2003structure,
	title		= "{The structure and function of complex networks}",
	author	= {Newman, M. E. J.},
	journal	= {SIAM review},
	volume	= {45},
	pages		= {167--256},
	year		= {2003},
	publisher	= {SIAM}
}

@Article{	  costa2011analyzing,
	title		= {Analyzing and modeling real-world phenomena with complex
	networks: a survey of applications},
	author	= {Costa, Luciano da Fontoura and Oliveira Jr, Osvaldo N and
	Travieso, Gonzalo and Rodrigues, Francisco Aparecido and
	Villas Boas, Paulino Ribeiro and Antiqueira, Lucas and
	Viana, Matheus Palhares and Correa Rocha, Luis Enrique},
	journal	= {Advances in Physics},
	volume	= {60},
	number	= {3},
	pages		= {329--412},
	year		= {2011},
	publisher	= {Taylor \& Francis}
}

@Article{	  vranic2021growth,
	title		= {Growth signals determine the topology of evolving
	networks},
	author	= {Vrani{\'c}, Ana and Dankulov, Marija Mitrovi{\'c}},
	journal	= {Journal of Statistical Mechanics: Theory and Experiment},
	volume	= {2021},
	number	= {1},
	pages		= {013405},
	year		= {2021},
	publisher	= {IOP Publishing}
}

@Article{	  vranic2022sustainability,
	title		= {Sustainability of Stack Exchange Q$\backslash$\&A
	communities: the role of trust},
	author	= {Vrani{\'c}, Ana and Toma{\v{s}}evi{\'c}, Aleksandar and
	Alori{\'c}, Aleksandra and Dankulov, Marija Mitrovi{\'c}},
	journal	= {arXiv preprint arXiv:2205.07745},
	year		= {2022}
}

@Article{	  vranic2022universal,
	title		= {Universal growth of social groups: empirical analysis and
	modeling},
	author	= {Vrani{\'c}, Ana and Smiljani{\'c}, Jelena and Dankulov,
	Marija Mitrovi{\'c}},
	journal	= {arXiv preprint arXiv:2206.06732},
	year		= {2022}
}

@Article{aleta2019multilayer,
	author	= {Aleta, Alberto and Moreno, Yamir},
	title		= {Multilayer Networks in a Nutshell},
	journal	= {Annual Review of Condensed Matter Physics},
	volume	= {10},
	number	= {1},
	pages		= {45-62},
	year		= {2019},
	doi		= {10.1146/annurev-conmatphys-031218-013259},
}

@Article{	  arnold2021moving,
	title		= {Moving with the Times: Investigating the Alt-Right Network
	Gab with Temporal Interaction Graphs},
	author	= {Arnold, Naomi A and Steer, Benjamin and Hafnaoui, Imane
	and Parada G, Hugo A and Mondragon, Raul J and Cuadrado,
	F{\'e}lix and Clegg, Richard G},
	journal	= {Proceedings of the ACM on Human-Computer Interaction},
	volume	= {5},
	number	= {CSCW2},
	pages		= {1--17},
	year		= {2021},
	publisher	= {ACM New York, NY, USA}
}


@Article{	  barabasi1999,
	title		= "{Emergence of scaling in random networks}",
	author	= {Barab{\'a}si, A.-L. and Albert, R.},
	journal	= {Science},
	volume	= {286},
	pages		= {509--512},
	year		= {1999},
	publisher	= {American Association for the Advancement of Science}
}


@Article{	  holme2012,
	title		= {Temporal networks},
	author	= {Holme, Petter and {\"a}ki, Jari},
	journal	= {Physics reports},
	volume	= {519},
	number	= {3},
	pages		= {97--125},
	year		= {2012},
	publisher	= {Elsevier}
}

@Article{	  holme2015modern,
	title		= {Modern temporal network theory: a colloquium},
	author	= {Holme, Petter},
	journal	= {The European Physical Journal B},
	volume	= {88},
	number	= {9},
	pages		= {1--30},
	year		= {2015},
	publisher	= {Springer}
}

@Book{		  guide_temporal,
	author	= {Masuda, Naoki and Lambiotte, Renaud},
	year		= {2016},
	month		= {10},
	pages		= {},
	title		= {A Guide to Temporal Networks},
	isbn		= {978-1-78634-114-3},
	doi		= {10.1142/q0268}
}

@Article{	  fraiman2009ising,
	title		= "{Ising-like dynamics in large-scale functional brain
	networks}",
	author	= {Fraiman, D. and Balenzuela, P. and Foss, J. and Chialvo,
	D. R.},
	journal	= {Phys. Rev. E},
	volume	= {79},
	pages		= {061922},
	year		= {2009},
	publisher	= {APS}
}

@Book{		  newman2010,
	title		= {Networks: An Introduction},
	author	= {Newman, M. E. J.},
	year		= {2010},
	publisher	= {Oxford University Press}
}

@Article{	  radicchi2008,
	title		= {Universality of citation distributions: Toward an
	objective measure of scientific impact},
	author	= {Radicchi, Filippo and Fortunato, Santo and Castellano,
	Claudio},
	journal	= {Proceedings of the National Academy of Sciences},
	volume	= {105},
	number	= {45},
	pages		= {17268--17272},
	year		= {2008},
	publisher	= {National Acad Sciences}
}

@Article{	  sarigol2014,
	title		= "{Predicting scientific success based on coauthorship
	networks}",
	author	= {Sarig{\"o}l, E. and Pfitzner, R. and Scholtes, I. and
	Garas, A. and Schweitzer, F.},
	journal	= {EPJ Data Science},
	volume	= {3},
	pages		= {9},
	year		= {2014},
	publisher	= {Springer}
}

@InProceedings{	  santos2009use,
	title		= {On the use of the adjusted rand index as a metric for
	evaluating supervised classification},
	author	= {Santos, Jorge M and Embrechts, Mark},
	booktitle	= {International conference on artificial neural networks},
	pages		= {175--184},
	year		= {2009},
	organization	= {Springer}
}

@Article{	  danon2005comparing,
	title		= {Comparing community structure identification},
	author	= {Danon, Leon and Diaz-Guilera, Albert and Duch, Jordi and
	Arenas, Alex},
	journal	= {Journal of statistical mechanics: Theory and experiment},
	volume	= {2005},
	number	= {09},
	pages		= {P09008},
	year		= {2005},
	publisher	= {IOP Publishing}
}

@Article{	  labatut2012accuracy,
	title		= {Accuracy measures for the comparison of classifiers},
	author	= {Labatut, Vincent and Cherifi, Hocine},
	journal	= {arXiv preprint arXiv:1207.3790},
	year		= {2012}
}