
@InProceedings{aberer2001,
  title		= {Managing trust in a peer-2-peer information system},
  author	= {{Aberer}, {Karl} and {Despotovic}, {Zoran}},
  year		= {2001},
  month		= {10},
  date		= {2001-10-05},
  publisher	= {Association for Computing Machinery},
  pages		= {310{\textendash}317},
  series	= {CIKM '01},
  doi		= {10.1145/502585.502638},
  url		= {https://doi.org/10.1145/502585.502638},
  address	= {New York, NY, USA}
}

@Misc{advocate,
  howpublished	= "https://data.world/socialmediadata/beeradvocate"
}

@InProceedings{ahmed2015does,
  title		= {Does online q\&a activity vary based on topic: A
		  comparison of technical and non-technical stack exchange
		  forums},
  author	= {Ahmed, Saif and Yang, Seungwon and Johri, Aditya},
  booktitle	= {Proceedings of the Second (2015) ACM Conference on
		  Learning@ Scale},
  pages		= {393--398},
  year		= {2015}
}





@Article{	  aral2012identifying,
  title		= {Identifying influential and susceptible members of social
		  networks},
  author	= {Aral, Sinan and Walker, Dylan},
  journal	= {Science},
  volume	= {337},
  number	= {6092},
  pages		= {337--341},
  year		= {2012},
  publisher	= {American Association for the Advancement of Science}
}

@Article{	  arenas2008,
  title		= {Synchronization in complex networks},
  author	= {Arenas, Alex and D{\'\i}az-Guilera, Albert and Kurths,
		  Jurgen and Moreno, Yamir and Zhou, Changsong},
  journal	= {Physics reports},
  volume	= {469},
  number	= {3},
  pages		= {93--153},
  year		= {2008},
  publisher	= {Elsevier}
}



@Article{	  bachschi2020asking,
  title		= {From Asking to Answering: Getting More Involved on Stack
		  Overflow},
  author	= {Bachschi, Timur and Hannak, Aniko and Lemmerich, Florian
		  and Wachs, Johannes},
  journal	= {arXiv preprint arXiv:2010.04025},
  year		= {2020}
}


@Book{		  barrat2008,
  place		= {Cambridge},
  title		= {Dynamical Processes on Complex Networks},
  doi		= {10.1017/CBO9780511791383},
  publisher	= {Cambridge University Press},
  author	= {Barrat, Alain and Barthélemy, Marc and Vespignani,
		  Alessandro},
  year		= {2008}
}

@Book{		  barthelemy2016structure,
  title		= {The structure and dynamics of cities},
  author	= {Barthelemy, Marc},
  year		= {2016},
  publisher	= {Cambridge University Press}
}



@Article{	  bettencourt2007growth,
  title		= {Growth, innovation, scaling, and the pace of life in
		  cities},
  author	= {Bettencourt, Lu{\'\i}s MA and Lobo, Jos{\'e} and Helbing,
		  Dirk and K{\"u}hnert, Christian and West, Geoffrey B},
  journal	= {Proceedings of the national academy of sciences},
  volume	= {104},
  number	= {17},
  pages		= {7301--7306},
  year		= {2007},
  publisher	= {National Acad Sciences}
}



@Article{	  larremore2014,
  title		= {Efficiently inferring community structure in bipartite
		  networks},
  author	= {Larremore, Daniel B. and Clauset, Aaron and Jacobs,
		  Abigail Z.},
  journal	= {Phys. Rev. E},
  volume	= {90},
  issue		= {1},
  pages		= {012805},
  numpages	= {12},
  year		= {2014},
  month		= {Jul},
  publisher	= {American Physical Society},
  doi		= {10.1103/PhysRevE.90.012805},
  url		= {https://link.aps.org/doi/10.1103/PhysRevE.90.012805}
}



@Article{	  boccaletti2014,
  title		= {The structure and dynamics of multilayer networks},
  author	= {Boccaletti, Stefano and Bianconi, Ginestra and Criado,
		  Regino and Del Genio, Charo I and G{\'o}mez-Gardenes,
		  Jes{\'u}s and Romance, Miguel and Sendina-Nadal, Irene and
		  Wang, Zhen and Zanin, Massimiliano},
  journal	= {Physics Reports},
  volume	= {544},
  number	= {1},
  pages		= {1--122},
  year		= {2014},
  publisher	= {Elsevier}
}

@Article{	  boccaletti2016,
  title		= {Explosive transitions in complex networks’ structure and
		  dynamics: Percolation and synchronization},
  author	= {Boccaletti, S and Almendral, JA and Guan, S and Leyva, I
		  and Liu, Z and Sendi{\~n}a-Nadal, I and Wang, Z and Zou, Y},
  journal	= {Physics Reports},
  volume	= {660},
  pages		= {1--94},
  year		= {2016},
  publisher	= {Elsevier}
}

@InProceedings{	  bornfeld2019interaction,
  title		= {When Interaction is Valuable: Feedback, Churn and Survival
		  on Community Question and Answer Sites: The case of Stack
		  Exchange},
  author	= {Bornfeld, Benny and Rafaeli, Sheizaf},
  booktitle	= {Proceedings of the 52nd Hawaii International Conference on
		  System Sciences},
  year		= {2019}
}

@Article{	  brown2013social,
  title		= {Social and place-focused communities in location-based
		  online social networks},
  author	= {Brown, Chlo{\"e} and Nicosia, Vincenzo and Scellato,
		  Salvatore and Noulas, Anastasios and Mascolo, Cecilia},
  journal	= {The European Physical Journal B},
  volume	= {86},
  number	= {6},
  pages		= {1--10},
  year		= {2013},
  publisher	= {Springer}
}




@Article{	  castellano2009statistical,
  title		= {Statistical physics of social dynamics},
  author	= {Castellano, Claudio and Fortunato, Santo and Loreto,
		  Vittorio},
  journal	= {Reviews of modern physics},
  volume	= {81},
  number	= {2},
  pages		= {591},
  year		= {2009},
  publisher	= {APS}
}





@Article{	  chen2018,
  title		= {Double phase transition of the Ising model in
		  core--periphery networks},
  author	= {Chen, Hanshuang and Zhang, Haifeng and Shen, Chuansheng},
  journal	= {Journal of Statistical Mechanics: Theory and Experiment},
  volume	= {2018},
  number	= {6},
  pages		= {063402},
  year		= {2018},
  publisher	= {IOP Publishing}
}

@InProceedings{	  chen2021characterizing,
  title		= {Characterizing Growth and Decline in Online UX
		  Communities},
  author	= {Chen, Gillian and Mok, Lillio},
  booktitle	= {Extended Abstracts of the 2021 CHI Conference on Human
		  Factors in Computing Systems},
  pages		= {1--7},
  year		= {2021}
}

@InProceedings{	  chhabra2020activity,
  title		= {Activity-selection Behavior of Users in StackExchange
		  Websites},
  author	= {Chhabra, Anamika and RS Iyengar, S},
  booktitle	= {Companion Proceedings of the Web Conference 2020},
  pages		= {105--106},
  year		= {2020}
}

@Article{	  cho2012tea,
  title		= {The tea party movement and the geography of collective
		  action},
  author	= {Cho, Wendy K Tam and Gimpel, James G and Shaw, Daron R and
		  others},
  journal	= {Quarterly Journal of Political Science},
  volume	= {7},
  number	= {2},
  pages		= {105--133},
  year		= {2012},
  publisher	= {Now Publishers, Inc.}
}




@InProceedings{	  danek2010engaging,
  title		= {Engaging the dynamics of trust in computational trust and
		  reputation systems},
  author	= {Danek, Agnieszka and Urbano, Joana and Rocha, Ana Paula
		  and Oliveira, Eug{\'e}nio},
  booktitle	= {KES International Symposium on Agent and Multi-Agent
		  Systems: Technologies and Applications},
  pages		= {22--31},
  year		= {2010},
  organization	= {Springer}
}

@Article{	  davison2000talks,
  title		= {Who talks? The social psychology of illness support
		  groups.},
  author	= {Davison, Kathryn P and Pennebaker, James W and Dickerson,
		  Sally S},
  journal	= {American Psychologist},
  volume	= {55},
  number	= {2},
  pages		= {205},
  year		= {2000},
  publisher	= {American Psychological Association}
}

@Article{	  davison2000talks,
  title		= {Who talks? The social psychology of illness support
		  groups.},
  author	= {Davison, Kathryn P and Pennebaker, James W and Dickerson,
		  Sally S},
  journal	= {American Psychologist},
  volume	= {55},
  number	= {2},
  pages		= {205},
  year		= {2000},
  publisher	= {American Psychological Association}
}

@InProceedings{	  dev2018size,
  title		= {The size conundrum: Why online knowledge markets can fail
		  at scale},
  author	= {Dev, Himel and Geigle, Chase and Hu, Qingtao and Zheng,
		  Jiahui and Sundaram, Hari},
  booktitle	= {Proceedings of the 2018 World Wide Web Conference},
  pages		= {65--75},
  year		= {2018}
}

@Article{	  dorogovtsev2000,
  title		= {Structure of growing networks with preferential linking},
  author	= {Dorogovtsev, Sergey N and Mendes, Jos{\'e} Fernando F and
		  Samukhin, Alexander N},
  journal	= {Physical Review Letters},
  volume	= {85},
  number	= {21},
  pages		= {4633},
  year		= {2000},
  publisher	= {APS}
}


@Article{	  dover2018emergence,
  title		= {Emergence of online communities: Empirical evidence and
		  theory},
  author	= {Dover, Yaniv and Kelman, Guy},
  journal	= {PloS one},
  volume	= {13},
  number	= {11},
  pages		= {e0205167},
  year		= {2018},
  publisher	= {Public Library of Science San Francisco, CA USA}
}



@InProceedings{	  duma2005dynamic,
  title		= {Dynamic trust metrics for peer-to-peer systems},
  author	= {Duma, Claudiu and Shahmehri, Nahid and Caronni, Germano},
  booktitle	= {16th International Workshop on Database and Expert Systems
		  Applications (DEXA'05)},
  pages		= {776--781},
  year		= {2005},
  organization	= {IEEE}
}

@Article{	  dunningtrustzeroacquaintance2014,
  title		= {Trust at Zero Acquaintance: More a Matter of Respect than
		  Expectation of Reward.},
  shorttitle	= {Trust at Zero Acquaintance},
  author	= {Dunning, David and Anderson, Joanna E. and Schlösser,
		  Thomas and Ehlebracht, Daniel and Fetchenhauer, Detlef},
  date		= {2014-07},
  journaltitle	= {Journal of Personality and Social Psychology},
  shortjournal	= {Journal of Personality and Social Psychology},
  volume	= {107},
  number	= {1},
  pages		= {122--141},
  issn		= {1939-1315, 0022-3514},
  doi		= {10.1037/a0036673},
  urldate	= {2021-10-04},
  langid	= {english}
}

@Article{	  dunningwhypeopletrust2019,
  title		= {Why {{People Trust}}: Solved {{Puzzles}} and {{Open
		  Mysteries}}},
  shorttitle	= {Why {{People Trust}}},
  author	= {Dunning, David and Fetchenhauer, Detlef and Schlösser,
		  Thomas},
  date		= {2019-08-01},
  journaltitle	= {Current Directions in Psychological Science},
  shortjournal	= {Curr Dir Psychol Sci},
  volume	= {28},
  number	= {4},
  pages		= {366--371},
  publisher	= {{SAGE Publications Inc}},
  doi		= {10.1177/0963721419838255},
  langid	= {english}
}

@Article{	  evkoski2021community,
  title		= {Community evolution in retweet networks},
  author	= {Evkoski, Bojan and Mozetic, Igor and Ljubesic, Nikola and
		  Novak, Petra Kralj},
  journal	= {arXiv preprint arXiv:2105.06214},
  year		= {2021}
}




@Book{		  firth2013elements,
  title		= {Elements of social organisation},
  author	= {Firth, Raymond},
  year		= {2013},
  publisher	= {Routledge}
}



@Article{	  gonzalez2013broadcasters,
  title		= {Broadcasters and hidden influentials in online protest
		  diffusion},
  author	= {Gonz{\'a}lez-Bail{\'o}n, Sandra and Borge-Holthoefer,
		  Javier and Moreno, Yamir},
  journal	= {American behavioral scientist},
  volume	= {57},
  number	= {7},
  pages		= {943--965},
  year		= {2013},
  publisher	= {Sage Publications Sage CA: Los Angeles, CA}
}

@Article{	  gonzalez2013broadcasters,
  title		= {Broadcasters and hidden influentials in online protest
		  diffusion},
  author	= {Gonz{\'a}lez-Bail{\'o}n, Sandra and Borge-Holthoefer,
		  Javier and Moreno, Yamir},
  journal	= {American behavioral scientist},
  volume	= {57},
  number	= {7},
  pages		= {943--965},
  year		= {2013},
  publisher	= {Sage Publications Sage CA: Los Angeles, CA}
}

@Article{	  gosak2018,
  title		= {Network science of biological systems at different scales:
		  A review},
  author	= {Gosak, Marko and Markovi{\v{c}}, Rene and Dolen{\v{s}}ek,
		  Jurij and Rupnik, Marjan Slak and Marhl, Marko and
		  Sto{\v{z}}er, Andra{\v{z}} and Perc, Matja{\v{z}}},
  journal	= {Physics of life reviews},
  volume	= {24},
  pages		= {118--135},
  year		= {2018},
  publisher	= {Elsevier}
}



@Article{	  gutscher2008possibilities,
  title		= {Possibilities and Limitations of Modeling Trust and
		  Reputation.},
  author	= {Gutscher, Andreas and Heesen, Jessica and Siemoneit,
		  Oliver},
  journal	= {WSPI},
  volume	= {332},
  pages		= {50--61},
  year		= {2008}
}

@Article{	  hajra2006,
  author	= {Hajra, Kamalika Basu and Sen, Parongama},
  title		= {Modelling aging characteristics in citation networks},
  journal	= {Physica A: Statistical Mechanics and its Applications},
  volume	= {368},
  number	= {2},
  pages		= {575--582},
  year		= {2006},
  publisher	= {North-Holland}
}

@Article{	  han2017emergence,
  title		= {Emergence of communities and diversity in social
		  networks},
  author	= {Han, Xiao and Cao, Shinan and Shen, Zhesi and Zhang, Boyu
		  and Wang, Wen-Xu and Cressman, Ross and Stanley, H Eugene},
  journal	= {Proceedings of the National Academy of Sciences},
  volume	= {114},
  number	= {11},
  pages		= {2887--2891},
  year		= {2017},
  publisher	= {National Acad Sciences}
}

@Article{	  hidalgo2009building,
  title		= {The building blocks of economic complexity},
  author	= {Hidalgo, C{\'e}sar A and Hausmann, Ricardo},
  journal	= {Proceedings of the national academy of sciences},
  volume	= {106},
  number	= {26},
  pages		= {10570--10575},
  year		= {2009},
  publisher	= {National Acad Sciences}
}


@Article{	  hunginfluenceintrinsicextrinsic2011,
  title		= {The Influence of Intrinsic and Extrinsic Motivation on
		  Individuals' Knowledge Sharing Behavior},
  author	= {Hung, Shin-Yuan and Durcikova, Alexandra and Lai, Hui-Min
		  and Lin, Wan-Mei},
  year		= {2011},
  month		= jun,
  journal	= {International Journal of Human-Computer Studies},
  volume	= {69},
  number	= {6},
  pages		= {415--427},
  issn		= {1071-5819},
  doi		= {10.1016/j.ijhcs.2011.02.004},
  langid	= {english},
  keywords	= {Experimental study,Extrinsic motivation,Intrinsic
		  motivation,Knowledge management systems,Knowledge sharing}
}

@Article{	  kang2021motivational,
  title		= {Motivational affordances and survival of new askers on
		  social Q\&A sites: The case of Stack Exchange network},
  author	= {Kang, Minhyung},
  journal	= {Journal of the Association for Information Science and
		  Technology},
  year		= {2021},
  publisher	= {Wiley Online Library}
}


@Article{	  kleineberg2015digital,
  title		= {Digital ecology: Coexistence and domination among
		  interacting networks},
  author	= {Kleineberg, Kaj-Kolja and Bogu{\~n}{\'a}, Mari{\'a}n},
  journal	= {Scientific reports},
  volume	= {5},
  number	= {1},
  pages		= {1--11},
  year		= {2015},
  publisher	= {Nature Publishing Group}
}

@Article{	  klemm2002,
  title		= {Highly clustered scale-free networks},
  author	= {Klemm, Konstantin and Eguiluz, Victor M},
  journal	= {Physical Review E},
  volume	= {65},
  number	= {3},
  pages		= {036123},
  year		= {2002},
  publisher	= {APS}
}



@Article{	  kuga2018,
  title		= {Impact of imperfect vaccination and defense against
		  contagion on vaccination behavior in complex networks},
  author	= {Kuga, Kazuki and Tanimoto, Jun},
  journal	= {Journal of Statistical Mechanics: Theory and Experiment},
  volume	= {2018},
  number	= {11},
  pages		= {113402},
  year		= {2018},
  publisher	= {IOP Publishing}
}




@Article{	  leydesdorff2012triple,
  title		= {The triple helix, quadruple helix,…, and an N-tuple of
		  helices: explanatory models for analyzing the
		  knowledge-based economy?},
  author	= {Leydesdorff, Loet},
  journal	= {Journal of the knowledge economy},
  volume	= {3},
  number	= {1},
  pages		= {25--35},
  year		= {2012},
  publisher	= {Springer}
}

@Article{	  lhorincz2019collapse,
  title		= {Collapse of an online social network: Burning social
		  capital to create it?},
  author	= {L{\H{o}}rincz, L{\'a}szl{\'o} and Koltai, J{\'u}lia and
		  Gy{\H{o}}r, Anna Fruzsina and Tak{\'a}cs, K{\'a}roly},
  journal	= {Social Networks},
  volume	= {57},
  pages		= {43--53},
  year		= {2019},
  publisher	= {Elsevier}
}



@InProceedings{	  macleod2014reputation,
  title		= {Reputation on Stack Exchange: Tag, You're It!},
  author	= {MacLeod, Laura},
  booktitle	= {2014 28th international conference on advanced information
		  networking and applications workshops},
  pages		= {670--674},
  year		= {2014},
  organization	= {IEEE}
}

@article{malliaros2020core,
	title={The core decomposition of networks: Theory, algorithms and applications},
	author={Malliaros, Fragkiskos D and Giatsidis, Christos and Papadopoulos, Apostolos N and Vazirgiannis, Michalis},
	journal={The VLDB Journal},
	volume={29},
	number={1},
	pages={61--92},
	year={2020},
	publisher={Springer}
}


@Article{	  mansfield1962entry,
  title		= {Entry, Gibrat's law, innovation, and the growth of firms},
  author	= {Mansfield, Edwin},
  journal	= {The American economic review},
  volume	= {52},
  number	= {5},
  pages		= {1023--1051},
  year		= {1962},
  publisher	= {JSTOR}
}

@Article{	  maslov2004,
  title		= {Detection of topological patterns in complex networks:
		  correlation profile of the internet},
  author	= {Maslov, Sergei and Sneppen, Kim and Zaliznyak, Alexei},
  journal	= {Physica A: Statistical Mechanics and its Applications},
  volume	= {333},
  pages		= {529--540},
  year		= {2004},
  publisher	= {Elsevier}
}

@InCollection{	  mcevilychapternetworktrust2021,
  title		= {Network {{Trust}}},
  booktitle	= {Understanding {{Trust}} in {{Organizations}}},
  author	= {McEvily, Bill and Zaheer, Akbar and Soda, Giuseppe},
  editor	= {Gillespie, Nicole and Fulmer, Ashley and Lewicki, Roy},
  date		= {2021},
  publisher	= {{Taylor \& Francis}},
  langid	= {english}
}




@Article{	  mmsbm,
  author	= {Godoy-Lorite, Antonia and Guimer{\`a}, Roger and Moore,
		  Cristopher and Sales-Pardo, Marta},
  title		= {Accurate and scalable social recommendation using
		  mixed-membership stochastic block models},
  volume	= {113},
  number	= {50},
  pages		= {14207--14212},
  year		= {2016},
  doi		= {10.1073/pnas.1606316113},
  publisher	= {National Academy of Sciences},
  issn		= {0027-8424},
  url		= {https://www.pnas.org/content/113/50/14207},
  eprint	= {https://www.pnas.org/content/113/50/14207.full.pdf},
  journal	= {Proceedings of the National Academy of Sciences}
}

@Article{	  montazeri2001anxiety,
  title		= {Anxiety and depression in breast cancer patients before
		  and after participation in a cancer support group},
  author	= {Montazeri, Ali and Jarvandi, Soghra and Haghighat, Shahpar
		  and Vahdani, Mariam and Sajadian, Akram and Ebrahimi,
		  Mandana and Haji-Mahmoodi, Mehregan},
  journal	= {Patient education and counseling},
  volume	= {45},
  number	= {3},
  pages		= {195--198},
  year		= {2001},
  publisher	= {Elsevier}
}


@Article{	  moutidis2021community,
  title		= {Community evolution on Stack Overflow},
  author	= {Moutidis, Iraklis and Williams, Hywel TP},
  journal	= {Plos one},
  volume	= {16},
  number	= {6},
  pages		= {e0253010},
  year		= {2021},
  publisher	= {Public Library of Science San Francisco, CA USA}
}

@Book{		  newman2006,
  title		= "{The structure and dynamics of networks}",
  author	= {Newman, M. E. J. and Barab{\'a}si, A.-L. and Watts, D. J.},
  year		= {2006},
  publisher	= {Princeton university press}
}

@Article{	  oliveira2018exchange,
  title		= {The exchange in StackExchange: Divergences between Stack
		  Overflow and its culturally diverse participants},
  author	= {Oliveira, Nigini and Muller, Michael and Andrade, Nazareno
		  and Reinecke, Katharina},
  journal	= {Proceedings of the ACM on Human-Computer Interaction},
  volume	= {2},
  number	= {CSCW},
  pages		= {1--22},
  year		= {2018},
  publisher	= {ACM New York, NY, USA}
}

@Article{	  oliver1985theory,
  title		= {A theory of the critical mass. I. Interdependence, group
		  heterogeneity, and the production of collective action},
  author	= {Oliver, Pamela and Marwell, Gerald and Teixeira, Ruy},
  journal	= {American journal of Sociology},
  volume	= {91},
  number	= {3},
  pages		= {522--556},
  year		= {1985},
  publisher	= {University of Chicago Press}
}

@Article{	  oliver2001whatever,
  title		= {Whatever happened to critical mass theory? A retrospective
		  and assessment},
  author	= {Oliver, Pamela E and Marwell, Gerald},
  journal	= {Sociological Theory},
  volume	= {19},
  number	= {3},
  pages		= {292--311},
  year		= {2001},
  publisher	= {SAGE Publications Sage CA: Los Angeles, CA}
}


@InProceedings{	  pal2012evolution,
  title		= {Evolution of experts in question answering communities},
  author	= {Pal, Aditya and Chang, Shuo and Konstan, Joseph A},
  booktitle	= {sixth international AAAI conference on weblogs and social
		  media},
  year		= {2012}
}

@Article{	  palla2007quantifying,
  title		= {Quantifying social group evolution},
  author	= {Palla, Gergely and Barab{\'a}si, Albert-L{\'a}szl{\'o} and
		  Vicsek, Tam{\'a}s},
  journal	= {Nature},
  volume	= {446},
  number	= {7136},
  pages		= {664--667},
  year		= {2007},
  publisher	= {Nature Publishing Group}
}


@Book{		  pascual2006,
  title		= {Ecological networks: linking structure to dynamics in food
		  webs},
  author	= {Pascual, Mercedes and Dunne, Jennifer A and others},
  year		= {2006},
  publisher	= {Oxford University Press}
}

@Article{	  peng1994,
  title		= {Mosaic organization of DNA nucleotides},
  author	= {Peng, C-K and Buldyrev, Sergey V and Havlin, Shlomo and
		  Simons, Michael and Stanley, H Eugene and Goldberger, Ary
		  L},
  journal	= {Physical review e},
  volume	= {49},
  number	= {2},
  pages		= {1685},
  year		= {1994},
  publisher	= {APS}
}




@InProceedings{	  posnett2012mining,
  title		= {Mining stack exchange: Expertise is evident from initial
		  contributions},
  author	= {Posnett, Daryl and Warburg, Eric and Devanbu, Premkumar
		  and Filkov, Vladimir},
  booktitle	= {2012 International Conference on Social Informatics},
  pages		= {199--204},
  year		= {2012},
  organization	= {IEEE}
}

@Article{	  post,
  title		= {Meetup statistics},
  howpublished	= {\url{https://technation.io/top-10-global-meetup-cities-by-number-of-members-in-2018-tech-nation-report-2019/
		  }}
}

@Article{	  post,
  title		= {Meetup statistics},
  howpublished	= {\url{https://technation.io/top-10-global-meetup-cities-by-number-of-members-in-2018-tech-nation-report-2019/
		  }}
}

@InProceedings{	  raban2010empirical,
  title		= {An empirical study of critical mass and online community
		  survival},
  author	= {Raban, Daphne R and Moldovan, Mihai and Jones, Quentin},
  booktitle	= {Proceedings of the 2010 ACM conference on Computer
		  supported cooperative work},
  pages		= {71--80},
  year		= {2010}
}

@Article{	  rodesharenotshare2016,
  title		= {To Share or Not to Share: The Effects of Extrinsic and
		  Intrinsic Motivations on Knowledge-Sharing in Enterprise
		  Social Media Platforms},
  shorttitle	= {To Share or Not to Share},
  author	= {Rode, Henning},
  year		= {2016},
  month		= jun,
  journal	= {Journal of Information Technology},
  volume	= {31},
  number	= {2},
  pages		= {152--165},
  issn		= {1466-4437},
  doi		= {10.1057/jit.2016.8},
  langid	= {english}
}

@InProceedings{	  santos2020can,
  title		= {Can badges foster a more welcoming culture on Q\&A
		  boards?},
  author	= {Santos, Tiago and Burghardt, Keith and Lerman, Kristina
		  and Helic, Denis},
  booktitle	= {Proceedings of the International AAAI Conference on Web
		  and Social Media},
  volume	= {14},
  pages		= {969--973},
  year		= {2020}
}

@Article{	  saxena2021users,
  title		= {Users roles identification on online crowdsourced Q\&A
		  platforms and encyclopedias: a survey},
  author	= {Saxena, Akrati and Reddy, Harita},
  journal	= {Journal of Computational Social Science},
  pages		= {1--33},
  year		= {2021},
  publisher	= {Springer}
}

@Article{	  schilketrustsocialrelations2021,
  title		= {Trust in {{Social Relations}}},
  author	= {Schilke, Oliver and Reimann, Martin and Cook, Karen S.},
  date		= {2021-07-30},
  journaltitle	= {Annual Review of Sociology},
  shortjournal	= {Annu. Rev. Sociol.},
  volume	= {47},
  number	= {1},
  pages		= {annurev-soc-082120-082850},
  issn		= {0360-0572, 1545-2115},
  doi		= {10.1146/annurev-soc-082120-082850},
  langid	= {english}
}

@Article{	  schweitzer2010agent,
  title		= {An agent-based model of collective emotions in online
		  communities},
  author	= {Schweitzer, Frank and Garcia, David},
  journal	= {The European Physical Journal B},
  volume	= {77},
  number	= {4},
  pages		= {533--545},
  year		= {2010},
  publisher	= {Springer}
}

@Article{	  schweitzer2020modeling,
  title		= {Modeling user reputation in online social networks: the
		  role of costs, benefits, and reciprocity},
  author	= {Schweitzer, Frank and Mavrodiev, Pavlin and Seufert,
		  Adrian M and Garcia, David},
  journal	= {Entropy},
  volume	= {22},
  number	= {10},
  pages		= {1073},
  year		= {2020},
  publisher	= {Multidisciplinary Digital Publishing Institute}
}


@Article{	  serrano2005,
  title		= {Tuning clustering in random networks with arbitrary degree
		  distributions},
  author	= {Serrano, M Angeles and Bogun{\'a}, Mari{\'a}n},
  journal	= {Physical Review E},
  volume	= {72},
  number	= {3},
  pages		= {036133},
  year		= {2005},
  publisher	= {APS}
}

@Book{		  sethna2021statistical,
  title		= "{Statistical mechanics: entropy, order parameters, and
		  complexity}",
  author	= {Sethna, J.},
  volume	= {14},
  year		= {2021},
  publisher	= {Oxford University Press, USA}
}

@Article{	  sherchan2013survey,
  title		= {A survey of trust in social networks},
  author	= {Sherchan, Wanita and Nepal, Surya and Paris, Cecile},
  journal	= {ACM Computing Surveys (CSUR)},
  volume	= {45},
  number	= {4},
  pages		= {1--33},
  year		= {2013},
  publisher	= {ACM New York, NY, USA}
}

@InProceedings{	  slag2015one,
  title		= {One-day flies on stackoverflow-why the vast majority of
		  stackoverflow users only posts once},
  author	= {Slag, Rogier and de Waard, Mike and Bacchelli, Alberto},
  booktitle	= {2015 IEEE/ACM 12th Working Conference on Mining Software
		  Repositories},
  pages		= {458--461},
  year		= {2015},
  organization	= {IEEE}
}


@Article{	  smiljanic2016theoretical,
  title		= {A theoretical model for the associative nature of
		  conference participation},
  author	= {Smiljani{\'c}, Jelena and Chatterjee, Arnab and Kauppinen,
		  Tomi and Mitrovi{\'c} Dankulov, Marija},
  journal	= {PloS one},
  volume	= {11},
  number	= {2},
  pages		= {e0148528},
  year		= {2016},
  publisher	= {Public Library of Science San Francisco, CA USA}
}

@Misc{		  stackex,
  howpublished	= "https://area51.stackexchange.com/"
}





@Article{	  tadic2013,
  title		= {Can human-like bots control collective mood: agent-based
		  simulations of online chats},
  author	= {Tadi{\'c}, Bosiljka and {\v{S}}uvakov, Milovan},
  journal	= {Journal of Statistical Mechanics: Theory and Experiment},
  volume	= {2013},
  number	= {10},
  pages		= {P10014},
  year		= {2013},
  publisher	= {IOP Publishing}
}

@Article{	  tadic2017,
  title		= {Mechanisms of self-organized criticality in social
		  processes of knowledge creation},
  author	= {Tadi{\'c}, Bosiljka and Dankulov, Marija Mitrovi{\'c} and
		  Melnik, Roderick},
  journal	= {Physical Review E},
  volume	= {96},
  number	= {3},
  pages		= {032307},
  year		= {2017},
  publisher	= {APS}
}

@Article{	  torok2013opinions,
  title		= {Opinions, conflicts, and consensus: modeling social
		  dynamics in a collaborative environment},
  author	= {T{\"o}r{\"o}k, J{\'a}nos and I{\~n}iguez, Gerardo and
		  Yasseri, Taha and San Miguel, Maxi and Kaski, Kimmo and
		  Kert{\'e}sz, J{\'a}nos},
  journal	= {Physical review letters},
  volume	= {110},
  number	= {8},
  pages		= {088701},
  year		= {2013},
  publisher	= {APS}
}

@Article{	  torok2017cascading,
  title		= {Cascading collapse of online social networks},
  author	= {T{\"o}r{\"o}k, J{\'a}nos and Kert{\'e}sz, J{\'a}nos},
  journal	= {Scientific reports},
  volume	= {7},
  number	= {1},
  pages		= {1--8},
  year		= {2017},
  publisher	= {Nature Publishing Group}
}

@Article{	  tschannen-moran2000,
  title		= {A Multidisciplinary Analysis of the Nature, Meaning, and
		  Measurement of Trust},
  author	= {{Tschannen-Moran}, {Megan} and {Hoy}, {Wayne K.}},
  year		= {2000},
  month		= {12},
  date		= {2000-12-01},
  journal	= {Review of Educational Research},
  pages		= {547--593},
  volume	= {70},
  number	= {4},
  doi		= {10.3102/00346543070004547},
  url		= {https://doi.org/10.3102/00346543070004547},
  note		= {Publisher: American Educational Research Association},
  langid	= {en}
}

@Article{	  vazquez2003,
  title		= {Growing network with local rules: Preferential attachment,
		  clustering hierarchy, and degree correlations},
  author	= {V{\'a}zquez, Alexei},
  journal	= {Physical Review E},
  volume	= {67},
  number	= {5},
  pages		= {056104},
  year		= {2003},
  publisher	= {APS}
}






@Article{	  waskowhyshouldshare2005,
  title		= {Why {{Should I Share}}? {{Examining Social Capital}} and
		  {{Knowledge Contribution}} in {{Electronic Networks}} of
		  {{Practice}}},
  shorttitle	= {Why {{Should I Share}}?},
  author	= {Wasko, Molly McLure and Faraj, Samer},
  year		= {2005},
  journal	= {MIS Quarterly},
  volume	= {29},
  number	= {1},
  pages		= {35--57},
  publisher	= {{Management Information Systems Research Center,
		  University of Minnesota}},
  issn		= {0276-7783},
  doi		= {10.2307/25148667}
}



@InProceedings{	  wei2015motivating,
  title		= {Motivating user contributions in online knowledge
		  communities: virtual rewards and reputation},
  author	= {Wei, Xiahua and Chen, Wei and Zhu, Kevin},
  booktitle	= {2015 48th Hawaii International Conference on System
		  Sciences},
  pages		= {3760--3769},
  year		= {2015},
  organization	= {IEEE}
}

@Book{		  wever2013,
  title		= "{The circadian system of man: results of experiments under
		  temporal isolation}",
  author	= {Wever, R. A.},
  year		= {2013},
  publisher	= {Springer Science \& Business Media}
}

@Article{	  yang2014structure,
  title		= {Structure and overlaps of ground-truth communities in
		  networks},
  author	= {Yang, Jaewon and Leskovec, Jure},
  journal	= {ACM Transactions on Intelligent Systems and Technology
		  (TIST)},
  volume	= {5},
  number	= {2},
  pages		= {1--35},
  year		= {2014},
  publisher	= {ACM New York, NY, USA}
}

@InProceedings{	  yanovsky2019one,
  title		= {One size does not fit all: Badge behavior in q\&a sites},
  author	= {Yanovsky, Stav and Hoernle, Nicholas and Lev, Omer and
		  Gal, Kobi},
  booktitle	= {Proceedings of the 27th ACM Conference on User Modeling,
		  Adaptation and Personalization},
  pages		= {113--120},
  year		= {2019}
}



@Article{	  yasseri2012dynamics,
  title		= {Dynamics of conflicts in Wikipedia},
  author	= {Yasseri, Taha and Sumi, Robert and Rung, Andr{\'a}s and
		  Kornai, Andr{\'a}s and Kert{\'e}sz, J{\'a}nos},
  journal	= {PloS one},
  volume	= {7},
  number	= {6},
  pages		= {e38869},
  year		= {2012},
  publisher	= {Public Library of Science San Francisco, USA}
}

@Article{	  zhang2013evolving,
  title		= {An evolving model of online bipartite networks},
  journal	= {Physica A: Statistical Mechanics and its Applications},
  volume	= {392},
  number	= {23},
  pages		= {6100-6106},
  year		= {2013},
  issn		= {0378-4371},
  doi		= {https://doi.org/10.1016/j.physa.2013.07.027},
  url		= {https://www.sciencedirect.com/science/article/pii/S0378437113006377},
  author	= {Chu-Xu Zhang and Zi-Ke Zhang and Chuang Liu},
  keywords	= {Bipartite networks, Evolving model, Network dynamics}
}



@Article{	  zhu2014online,
  title		= {How do online social networks grow?},
  author	= {Zhu, Konglin and Li, Wenzhong and Fu, Xiaoming and Nagler,
		  Jan},
  journal	= {Plos one},
  volume	= {9},
  number	= {6},
  pages		= {e100023},
  year		= {2014},
  publisher	= {Public Library of Science San Francisco, USA}
}
