@article{albert2000error,
	title={Error and attack tolerance of complex networks},
	author={Albert, R{\'e}ka and Jeong, Hawoong and Barab{\'a}si, Albert-L{\'a}szl{\'o}},
	journal={nature},
	volume={406},
	number={6794},
	pages={378--382},
	year={2000},
	publisher={Nature Publishing Group UK London}
}


@Article{	  aleta2019multilayer,
  author	= {Aleta, Alberto and Moreno, Yamir},
  title		= {Multilayer Networks in a Nutshell},
  journal	= {Annual Review of Condensed Matter Physics},
  volume	= {10},
  number	= {1},
  pages		= {45-62},
  year		= {2019},
  doi		= {10.1146/annurev-conmatphys-031218-013259}
}

@Article{	  amaral1997scaling,
	title		= {Scaling behavior in economics: I. Empirical results for
	company growth},
	author	= {Amaral, Lu{\'\i}s A Nunes and Buldyrev, Sergey V and
	Havlin, Shlomo and Leschhorn, Heiko and Maass, Philipp and
	Salinger, Michael A and Stanley, H Eugene and Stanley,
	Michael HR},
	journal	= {Journal de Physique I},
	volume	= {7},
	number	= {4},
	pages		= {621--633},
	year		= {1997},
	publisher	= {EDP Sciences}
}

@Article{	  arnold2021moving,
  title		= {Moving with the Times: Investigating the Alt-Right Network
		  Gab with Temporal Interaction Graphs},
  author	= {Arnold, Naomi A and Steer, Benjamin and Hafnaoui, Imane
		  and Parada G, Hugo A and Mondragon, Raul J and Cuadrado,
		  F{\'e}lix and Clegg, Richard G},
  journal	= {Proceedings of the ACM on Human-Computer Interaction},
  volume	= {5},
  number	= {CSCW2},
  pages		= {1--17},
  year		= {2021},
  publisher	= {ACM New York, NY, USA}
}

@InProceedings{	  backstrom2006group,
  title		= {Group formation in large social networks: membership,
		  growth, and evolution},
  author	= {Backstrom, Lars and Huttenlocher, Dan and Kleinberg, Jon
		  and Lan, Xiangyang},
  booktitle	= {Proceedings of the 12th ACM SIGKDD international
		  conference on Knowledge discovery and data mining},
  pages		= {44--54},
  year		= {2006}
}

@Article{	  barabasi1999,
  title		= "{Emergence of scaling in random networks}",
  author	= {Barab{\'a}si, A.-L. and Albert, R.},
  journal	= {Science},
  volume	= {286},
  pages		= {509--512},
  year		= {1999},
  publisher	= {American Association for the Advancement of Science}
}

@article{barabasi1999mean,
	title={Mean-field theory for scale-free random networks},
	author={Barab{\'a}si, Albert-L{\'a}szl{\'o} and Albert, R{\'e}ka and Jeong, Hawoong},
	journal={Physica A: Statistical Mechanics and its Applications},
	volume={272},
	number={1-2},
	pages={173--187},
	year={1999},
	publisher={Elsevier}
}

@Article{	  barabasi2009,
	title		= {Scale-free networks: a decade and beyond},
	author	= {Barab{\'a}si, Albert-L{\'a}szl{\'o}},
	journal	= {science},
	volume	= {325},
	number	= {5939},
	pages		= {412--413},
	year		= {2009},
	publisher	= {American Association for the Advancement of Science}
}

@Article{	  barabasi2014network,
  title		= "{Network science book}",
  author	= {Barab{\'a}si, A.-L.},
  journal	= {Network Science},
  volume	= {625},
  year		= {2014}
}

@Book{		  barabasi2016network,
  added-at	= {2016-10-10T20:23:59.000+0200},
  address	= {Cambridge},
  author	= {Barabási, Albert-László and Pósfai, Márton},
  interhash	= {2dcba3ae6b58627716c5d2a63f7c0855},
  intrahash	= {2a71231091413325c03aaed76c32a66b},
  isbn		= {9781107076266 1107076269},
  keywords	= {required sna snaseminar},
  publisher	= {Cambridge University Press},
  refid		= {958874494},
  timestamp	= {2016-12-18T12:26:46.000+0100},
  title		= {Network science},
  year		= 2016
}

@Article{	  barthelemy2019,
  title		= "{The statistical physics of cities}",
  author	= {Barthelemy, M.},
  journal	= { Nat. Rev. Phys },
  volume	= {1},
  pages		= {406--415},
  year		= {2019},
  publisher	= {Nature Publishing Group}
}

@article{blondel2008fast,
	title={Fast unfolding of communities in large networks},
	author={Blondel, Vincent D and Guillaume, Jean-Loup and Lambiotte, Renaud and Lefebvre, Etienne},
	journal={Journal of statistical mechanics: theory and experiment},
	volume={2008},
	number={10},
	pages={P10008},
	year={2008},
	publisher={IOP Publishing}
}

@Book{		  binney1992,
  title		= "{The theory of critical phenomena: an introduction to the
		  renormalization group}",
  author	= {Binney, J. J. and Dowrick, N. J. and Fisher, A. J. and
		  Newman, M. E. J.},
  year		= {1992},
  publisher	= {Oxford University Press}
}

@Article{	  boccaletti2006complex,
  title		= {Complex networks: Structure and dynamics},
  author	= {Boccaletti, Stefano and Latora, Vito and Moreno, Yamir and
		  Chavez, Martin and Hwang, D-U},
  journal	= {Physics reports},
  volume	= {424},
  number	= {4-5},
  pages		= {175--308},
  year		= {2006},
  publisher	= {Elsevier}
}

@article{bollobas2003mathematical,
	title={Mathematical results on scale-free random graphs},
	author={Bollob{\'a}s, B{\'e}la and Riordan, Oliver M},
	journal={Handbook of graphs and networks: from the genome to the internet},
	pages={1--34},
	year={2003},
	publisher={Wiley-Vch Weinheim}
}


@article{borgatti2000models,
	title={Models of core/periphery structures},
	author={Borgatti, Stephen P and Everett, Martin G},
	journal={Social networks},
	volume={21},
	number={4},
	pages={375--395},
	year={2000},
	publisher={Elsevier}
}



@book{caldarelli2007scalefree,
	title={Scale-free networks: complex webs in nature and technology},
	author={Caldarelli, Guido},
	year={2007},
	publisher={Oxford University Press}
}

@article{castellano2009statistical,
	title={Statistical physics of social dynamics},
	author={Castellano, Claudio and Fortunato, Santo and Loreto, Vittorio},
	journal={Reviews of modern physics},
	volume={81},
	number={2},
	pages={591},
	year={2009},
	publisher={APS}
}


@Article{	  centola2007cascade,
  title		= {Cascade dynamics of complex propagation},
  author	= {Centola, Damon and Egu{\'\i}luz, V{\'\i}ctor M and Macy,
		  Michael W},
  journal	= {Physica A: Statistical Mechanics and its Applications},
  volume	= {374},
  number	= {1},
  pages		= {449--456},
  year		= {2007},
  publisher	= {Elsevier}
}



@Article{	  chatterjee2013,
  title		= {Universality in voting behavior: an empirical analysis},
  author	= {Chatterjee, Arnab and Mitrovi{\'c}, Marija and Fortunato,
		  Santo},
  journal	= {Scientific reports},
  volume	= {3},
  number	= {1},
  pages		= {1--9},
  year		= {2013},
  publisher	= {Nature Publishing Group}
}

@article{cherifi2019community,
	title={On community structure in complex networks: challenges and opportunities},
	author={Cherifi, Hocine and Palla, Gergely and Szymanski, Boleslaw K and Lu, Xiaoyan},
	journal={Applied Network Science},
	volume={4},
	number={1},
	pages={1--35},
	year={2019},
	publisher={Springer}
}

@Article{	  clauset2009power,
  title		= {Power-law distributions in empirical data},
  author	= {Clauset, Aaron and Shalizi, Cosma Rohilla and Newman, Mark
		  EJ},
  journal	= {SIAM review},
  volume	= {51},
  number	= {4},
  pages		= {661--703},
  year		= {2009},
  publisher	= {SIAM}
}

@article{cohen2000resilience,
	title = {Resilience of the Internet to Random Breakdowns},
	author = {Cohen, Reuven and Erez, Keren and ben-Avraham, Daniel and Havlin, Shlomo},
	journal = {Phys. Rev. Lett.},
	volume = {85},
	issue = {21},
	pages = {4626--4628},
	numpages = {0},
	year = {2000},
	month = {Nov},
	publisher = {American Physical Society},
	doi = {10.1103/PhysRevLett.85.4626},
	url = {https://link.aps.org/doi/10.1103/PhysRevLett.85.4626}
}

@Article{	  costa2007characterization,
  title		= {Characterization of complex networks: A survey of
		  measurements},
  author	= {Costa, L da F and Rodrigues, Francisco A and Travieso,
		  Gonzalo and Villas Boas, Paulino Ribeiro},
  journal	= {Advances in physics},
  volume	= {56},
  number	= {1},
  pages		= {167--242},
  year		= {2007},
  publisher	= {Taylor \& Francis}
}

@Article{	  costa2011analyzing,
  title		= {Analyzing and modeling real-world phenomena with complex
		  networks: a survey of applications},
  author	= {Costa, Luciano da Fontoura and Oliveira Jr, Osvaldo N and
		  Travieso, Gonzalo and Rodrigues, Francisco Aparecido and
		  Villas Boas, Paulino Ribeiro and Antiqueira, Lucas and
		  Viana, Matheus Palhares and Correa Rocha, Luis Enrique},
  journal	= {Advances in Physics},
  volume	= {60},
  number	= {3},
  pages		= {329--412},
  year		= {2011},
  publisher	= {Taylor \& Francis}
}

@article{csermely2013structure,
	title={Structure and dynamics of core/periphery networks},
	author={Csermely, Peter and London, Andr{\'a}s and Wu, Ling-Yun and Uzzi, Brian},
	journal={Journal of Complex Networks},
	volume={1},
	number={2},
	pages={93--123},
	year={2013},
	publisher={Oxford University Press}
}

@Article{	  dankulov2015dynamics,
  title		= {The dynamics of meaningful social interactions and the
		  emergence of collective knowledge},
  author	= {Dankulov, Marija Mitrovi{\'c} and Melnik, Roderick and
		  Tadi{\'c}, Bosiljka},
  journal	= {Scientific reports},
  volume	= {5},
  number	= {1},
  pages		= {1--10},
  year		= {2015},
  publisher	= {Nature Publishing Group}
}

@Article{	  danon2005comparing,
  title		= {Comparing community structure identification},
  author	= {Danon, Leon and Diaz-Guilera, Albert and Duch, Jordi and
		  Arenas, Alex},
  journal	= {Journal of statistical mechanics: Theory and experiment},
  volume	= {2005},
  number	= {09},
  pages		= {P09008},
  year		= {2005},
  publisher	= {IOP Publishing}
}

@Article{	  dorogovtsev2001,
	title		= "{Effect of the accelerating growth of communications
	networks on their structure}",
	author	= {Dorogovtsev, S. N. and Mendes, J. F. F.},
	journal	= {Phys. Rev. E},
	volume	= {63},
	pages		= {025101},
	year		= {2001},
	publisher	= {APS}
}

@Article{	  dorogovtsev2001b,
  title		= {Scaling properties of scale-free evolving networks:
		  Continuous approach},
  author	= {Dorogovtsev, Sergey N and Mendes, Jos{\'e} FF},
  journal	= {Physical Review E},
  volume	= {63},
  number	= {5},
  pages		= {056125},
  year		= {2001},
  publisher	= {APS}
}

@Article{	  dorogovtsev2000b,
	title		= "{Evolution of networks with aging of sites}",
	author	= {Dorogovtsev, S. N. and Mendes, J. F. F.},
	journal	= {Phy. Rev. E},
	volume	= {62},
	pages		= {1842},
	year		= {2000},
	publisher	= {APS}
}

@article{dorogovtsev2002evolution,
	title={Evolution of networks},
	author={Dorogovtsev, Sergey N and Mendes, Jose FF},
	journal={Advances in physics},
	volume={51},
	number={4},
	pages={1079--1187},
	year={2002},
	publisher={Taylor \& Francis}
}



@Book{		  dorogovtsev2010complex,
  title		= "{Complex networks}",
  author	= {Dorogovtsev, S.},
  year		= {2010},
  publisher	= {Oxford: Oxford University Press}
}

@Article{	  dover2020sustainable,
	title		= {Sustainable online communities exhibit distinct
	hierarchical structures across scales of size},
	author	= {Dover, Yaniv and Goldenberg, Jacob and Shapira, Daniel},
	journal	= {Proceedings of the Royal Society A},
	volume	= {476},
	number	= {2239},
	pages		= {20190730},
	year		= {2020},
	publisher	= {The Royal Society Publishing}
}

@article{fan2012fractal,
	title={Fractal analysis on human dynamics of library loans},
	author={Fan, Chao and Guo, Jin-Li and Zha, Yi-Long},
	journal={Physica A: Statistical Mechanics and its Applications},
	volume={391},
	number={24},
	pages={6617--6625},
	year={2012},
	publisher={Elsevier}
}


@Article{	  fazio2015pareto,
	title		= {Pareto or log-normal? Best fit and truncation in the
	distribution of all cities},
	author	= {Fazio, Giorgio and Modica, Marco},
	journal	= {Journal of Regional Science},
	volume	= {55},
	number	= {5},
	pages		= {736--756},
	year		= {2015},
	publisher	= {Wiley Online Library}
}

@article{fortunato2007scaling,
	title={Scaling and universality in proportional elections},
	author={Fortunato, Santo and Castellano, Claudio},
	journal={Physical review letters},
	volume={99},
	number={13},
	pages={138701},
	year={2007},
	publisher={APS}
}

@article{
	fortunato2007resolution,
	author = {Santo Fortunato  and Marc Barthélemy },
	title = {Resolution limit in community detection},
	journal = {Proceedings of the National Academy of Sciences},
	volume = {104},
	number = {1},
	pages = {36-41},
	year = {2007},
	doi = {10.1073/pnas.0605965104},
	URL = {https://www.pnas.org/doi/abs/10.1073/pnas.0605965104},}

@Article{	  fortunato2010community,
  title		= {Community detection in graphs},
  author	= {Fortunato, Santo},
  journal	= {Physics reports},
  volume	= {486},
  number	= {3-5},
  pages		= {75--174},
  year		= {2010},
  publisher	= {Elsevier}
}

@article{fortunato2016community,
	title={Community detection in networks: A user guide},
	author={Fortunato, Santo and Hric, Darko},
	journal={Physics reports},
	volume={659},
	pages={1--44},
	year={2016},
	publisher={Elsevier}
}

@Article{	  fraiman2009ising,
  title		= "{Ising-like dynamics in large-scale functional brain
		  networks}",
  author	= {Fraiman, D. and Balenzuela, P. and Foss, J. and Chialvo,
		  D. R.},
  journal	= {Phys. Rev. E},
  volume	= {79},
  pages		= {061922},
  year		= {2009},
  publisher	= {APS}
}

@Article{	  frasco2014spatially,
  title		= {Spatially distributed social complex networks},
  author	= {Frasco, Gerald F and Sun, Jie and Rozenfeld, Hern{\'a}n D
		  and Ben-Avraham, Daniel},
  journal	= {Physical Review X},
  volume	= {4},
  number	= {1},
  pages		= {011008},
  year		= {2014},
  publisher	= {APS}
}

@Article{	  fu2005growth,
  title		= {The growth of business firms: Theoretical framework and
		  empirical evidence},
  author	= {Fu, Dongfeng and Pammolli, Fabio and Buldyrev, Sergey V
		  and Riccaboni, Massimo and Matia, Kaushik and Yamasaki,
		  Kazuko and Stanley, H Eugene},
  journal	= {Proceedings of the National Academy of Sciences},
  volume	= {102},
  number	= {52},
  pages		= {18801--18806},
  year		= {2005},
  publisher	= {National Acad Sciences}
}

@Article{	  funke2019,
  author	= {Funke, Thorben AND Becker, Till},
  journal	= {PLOS ONE},
  publisher	= {Public Library of Science},
  title		= {Stochastic block models: A comparison of variants and
		  inference methods},
  year		= {2019},
  month		= {04},
  volume	= {14},
  url		= {https://doi.org/10.1371/journal.pone.0215296},
  pages		= {1-40},
  number	= {4},
  doi		= {10.1371/journal.pone.0215296}
}

@Article{	  gabaix1999,
  title		= "{Zipf's Law and the Growth of Cities}",
  author	= {Gabaix, X.},
  journal	= {Am. Econ. Rev.},
  volume	= {89},
  pages		= {129--132},
  year		= {1999}
}

@Article{	  gallagher2020clarified,
	title={A clarified typology of core-periphery structure in networks},
	author={Gallagher, Ryan J and Young, Jean-Gabriel and Welles, Brooke Foucault},
	journal={Science advances},
	volume={7},
	number={12},
	pages={eabc9800},
	year={2021},
	publisher={American Association for the Advancement of Science}
}


@article{garas2012emotional,
	title={Emotional persistence in online chatting communities},
	author={Garas, Antonios and Garcia, David and Skowron, Marcin and Schweitzer, Frank},
	journal={Scientific Reports},
	volume={2},
	number={1},
	pages={1--8},
	year={2012},
	publisher={Nature Publishing Group}
}

@article{ghoshal2013uncovering,
	title={Uncovering the role of elementary processes in network evolution},
	author={Ghoshal, Gourab and Chi, Liping and Barab{\'a}si, Albert-L{\'a}szl{\'o}},
	journal={Scientific reports},
	volume={3},
	number={1},
	pages={1--8},
	year={2013},
	publisher={Nature Publishing Group}
}

@article{good2010performance,
	title = {Performance of modularity maximization in practical contexts},
	author = {Good, Benjamin H. and de Montjoye, Yves-Alexandre and Clauset, Aaron},
	journal = {Phys. Rev. E},
	volume = {81},
	issue = {4},
	pages = {046106},
	numpages = {19},
	year = {2010},
	month = {Apr},
	publisher = {American Physical Society},
	doi = {10.1103/PhysRevE.81.046106},
	url = {https://link.aps.org/doi/10.1103/PhysRevE.81.046106}
}

@Book{		  guide_temporal,
  author	= {Masuda, Naoki and Lambiotte, Renaud},
  year		= {2016},
  month		= {10},
  pages		= {},
  title		= {A Guide to Temporal Networks},
  isbn		= {978-1-78634-114-3},
  doi		= {10.1142/q0268}
}

@article{guimera2004modularity,
	title={Modularity from fluctuations in random graphs and complex networks},
	author={Guimera, Roger and Sales-Pardo, Marta and Amaral, Lu{\'\i}s A Nunes},
	journal={Physical Review E},
	volume={70},
	number={2},
	pages={025101},
	year={2004},
	publisher={APS}
}

@Article{	  hajra2004,
  title		= {Phase transitions in an aging network},
  author	= {Hajra, Kamalika Basu and Sen, Parongama},
  journal	= {Physical Review E},
  volume	= {70},
  number	= {5},
  pages		= {056103},
  year		= {2004},
  publisher	= {APS}
}

@Article{	  holme2012,
  title		= {Temporal networks},
  author	= {Holme, Petter and Saram{\"a}ki, Jari},
  journal	= {Physics reports},
  volume	= {519},
  number	= {3},
  pages		= {97--125},
  year		= {2012},
  publisher	= {Elsevier}
}

@Article{	  holme2015modern,
  title		= {Modern temporal network theory: a colloquium},
  author	= {Holme, Petter},
  journal	= {The European Physical Journal B},
  volume	= {88},
  number	= {9},
  pages		= {1--30},
  year		= {2015},
  publisher	= {Springer}
}

@article{hu2001effect,
	title={Effect of trends on detrended fluctuation analysis},
	author={Hu, Kun and Ivanov, Plamen Ch and Chen, Zhi and Carpena, Pedro and Stanley, H Eugene},
	journal={Physical Review E},
	volume={64},
	number={1},
	pages={011114},
	year={2001},
	publisher={APS}
}

@Article{	  hubert1985comparing,
  title		= {Comparing partitions},
  author	= {Hubert, Lawrence and Arabie, Phipps},
  journal	= {Journal of classification},
  volume	= {2},
  number	= {1},
  pages		= {193--218},
  year		= {1985},
  publisher	= {Springer}
}

@Article{	  huberman1999,
	title		= {Growth dynamics of the world-wide web},
	author	= {Huberman, Bernardo A and Adamic, Lada A},
	journal	= {Nature},
	volume	= {401},
	number	= {6749},
	pages		= {131--131},
	year		= {1999},
	publisher	= {Nature Publishing Group}
}

@article{hurst1951long,
	title={Long-term storage capacity of reservoirs},
	author={Hurst, Harold Edwin},
	journal={Transactions of the American society of civil engineers},
	volume={116},
	number={1},
	pages={770--799},
	year={1951},
	publisher={American Society of Civil Engineers}
}

@Article{	  ihlen2012,
  title		= "{Introduction to multifractal detrended fluctuation
		  analysis in Matlab}",
  author	= {Ihlen, E. Alexander F. E.A.F.I.},
  journal	= {Front. Psychol.},
  volume	= {3},
  pages		= {141},
  year		= {2012},
  publisher	= {Frontiers}
}

@book{jackson2010social,
title={Social and economic networks},
author={Jackson, Matthew O},
year={2010},
publisher={Princeton university press}
}



@Article{	  jsdivergence,
  title		= {Properties of classical and quantum Jensen-Shannon
		  divergence},
  author	= {Bri\"et, Jop and Harremo\"es, Peter},
  journal	= {Phys. Rev. A},
  volume	= {79},
  issue		= {5},
  pages		= {052311},
  numpages	= {11},
  year		= {2009},
  month		= {May},
  publisher	= {American Physical Society}
}

@article{kadanoff1990scaling,
	title={Scaling and universality in statistical physics},
	author={Kadanoff, Leo P},
	journal={Physica A: Statistical Mechanics and its Applications},
	volume={163},
	number={1},
	pages={1--14},
	year={1990},
	publisher={Elsevier}
}


@InProceedings{	  kairam2012life,
  title		= {The life and death of online groups: Predicting group
		  growth and longevity},
  author	= {Kairam, Sanjay Ram and Wang, Dan J and Leskovec, Jure},
  booktitle	= {Proceedings of the fifth ACM international conference on
		  Web search and data mining},
  pages		= {673--682},
  year		= {2012}
}

@article{kantelhardt2001detecting,
	title={Detecting long-range correlations with detrended fluctuation analysis},
	author={Kantelhardt, Jan W and Koscielny-Bunde, Eva and Rego, Henio HA and Havlin, Shlomo and Bunde, Armin},
	journal={Physica A: Statistical Mechanics and its Applications},
	volume={295},
	number={3-4},
	pages={441--454},
	year={2001},
	publisher={Elsevier}
}

@Article{	  kantelhardt2002,
  title		= {Multifractal detrended fluctuation analysis of
		  nonstationary time series},
  author	= {Kantelhardt, Jan W and Zschiegner, Stephan A and
		  Koscielny-Bunde, Eva and Havlin, Shlomo and Bunde, Armin
		  and Stanley, H Eugene},
  journal	= {Physica A: Statistical Mechanics and its Applications},
  volume	= {316},
  number	= {1-4},
  pages		= {87--114},
  year		= {2002},
  publisher	= {Elsevier}
}

@article{kantelhardt2008fractal,
	title={Fractal and multifractal time series},
	author={Kantelhardt, Jan W},
	journal={arXiv preprint arXiv:0804.0747},
	year={2008}
}

@article{karrer2011stochastic,
	title={Stochastic blockmodels and community structure in networks},
	author={Karrer, Brian and Newman, Mark EJ},
	journal={Physical review E},
	volume={83},
	number={1},
	pages={016107},
	year={2011},
	publisher={APS}
}



@Article{	  kivelamultilayer,
  author	= {Kivelä, Mikko and Arenas, Alex and Barthelemy, Marc and
		  Gleeson, James P. and Moreno, Yamir and Porter, Mason A.},
  title		= "{Multilayer networks}",
  journal	= {Journal of Complex Networks},
  volume	= {2},
  number	= {3},
  pages		= {203-271},
  year		= {2014},
  month		= {07},
  issn		= {2051-1310},
  doi		= {10.1093/comnet/cnu016},
  url		= {https://doi.org/10.1093/comnet/cnu016},
  eprint	= {https://academic.oup.com/comnet/article-pdf/2/3/203/9130906/cnu016.pdf}
}

@Article{	  krapivsky2001,
	title		= {Organization of growing random networks},
	author	= {Krapivsky, Paul L and Redner, Sidney},
	journal	= {Physical Review E},
	volume	= {63},
	number	= {6},
	pages		= {066123},
	year		= {2001},
	publisher	= {APS}
}

@book{krapivsky2010kinetic,
	title={A kinetic view of statistical physics},
	author={Krapivsky, Pavel L and Redner, Sidney and Ben-Naim, Eli},
	year={2010},
	publisher={Cambridge University Press}
}

@Article{	  krings2012effects,
  title		= {Effects of time window size and placement on the structure
		  of an aggregated communication network},
  author	= {Krings, Gautier and Karsai, M{\'a}rton and Bernhardsson,
		  Sebastian and Blondel, Vincent D and Saram{\"a}ki, Jari},
  journal	= {EPJ Data Science},
  volume	= {1},
  number	= {1},
  pages		= {1--16},
  year		= {2012},
  publisher	= {SpringerOpen}
}

@Article{	  kwapien2012,
  title		= "{Physical approach to complex systems}",
  author	= {Kwapie{\'n}, J. and Dro{\.z}d{\.z}, S.},
  journal	= {Phys. Rep},
  volume	= {515},
  pages		= {115--226},
  year		= {2012},
  publisher	= {Elsevier}
}

@Article{	  labatut2012accuracy,
  title		= {Accuracy measures for the comparison of classifiers},
  author	= {Labatut, Vincent and Cherifi, Hocine},
  journal	= {arXiv preprint arXiv:1207.3790},
  year		= {2012}
}

@Article{	  ladyman2013,
  title		= {What is a complex system?},
  author	= {Ladyman, James and Lambert, James and Wiesner, Karoline},
  journal	= {European Journal for Philosophy of Science},
  volume	= {3},
  number	= {1},
  pages		= {33--67},
  year		= {2013},
  publisher	= {Springer}
}

@Article{	  latora2017complex,
  title		= {Complex Networks: Principles, Methods and Applications},
  author	= {Latora, V. and Nicosia, V. and Russo, G.},
  isbn		= {9781107103184},
  lccn		= {2017026029},
  series	= {Complex Networks: Principles, Methods and Applications},
  url		= {https://books.google.rs/books?id=qV0yDwAAQBAJ},
  year		= {2017},
  publisher	= {Cambridge University Press}
}

@article{lee2019review,
	title={A review of stochastic block models and extensions for graph clustering},
	author={Lee, Clement and Wilkinson, Darren J},
	journal={Applied Network Science},
	volume={4},
	number={1},
	pages={1--50},
	year={2019},
	publisher={Springer}
}

@InProceedings{	  leskovec2008microscopic,
	title		= {Microscopic evolution of social networks},
	author	= {Leskovec, Jure and Backstrom, Lars and Kumar, Ravi and
	Tomkins, Andrew},
	booktitle	= {Proceedings of the 14th ACM SIGKDD international
	conference on Knowledge discovery and data mining},
	pages		= {462--470},
	year		= {2008}
}


@article{limpert2001log,
	title={Log-normal distributions across the sciences: keys and clues: on the charms of statistics, and how mechanical models resembling gambling machines offer a link to a handy way to characterize log-normal distributions, which can provide deeper insight into variability and probability—normal or log-normal: that is the question},
	author={Limpert, Eckhard and Stahel, Werner A and Abbt, Markus},
	journal={BioScience},
	volume={51},
	number={5},
	pages={341--352},
	year={2001},
	publisher={American Institute of Biological Sciences}
}

@Article{	  liu2019,
	title		= {Modeling complex networks with accelerating growth and
	aging effect},
	author	= {Liu, Jin and Li, Jian and Chen, Yadang and Chen, Xianyi
	and Zhou, Zhili and Yang, Zejun and Zhang, Cheng-Jun},
	journal	= {Physics Letters A},
	volume	= {383},
	number	= {13},
	pages		= {1396--1400},
	year		= {2019},
	publisher	= {Elsevier}
}

@Article{	  makse1996method,
  title		= {Method for generating long-range correlations for large
		  systems},
  author	= {Makse, Hern{\'a}n A and Havlin, Shlomo and Schwartz, Moshe
		  and Stanley, H Eugene},
  journal	= {Physical Review E},
  volume	= {53},
  number	= {5},
  pages		= {5445},
  year		= {1996},
  publisher	= {APS}
}

@article{malliaros2020core,
	title={The core decomposition of networks: Theory, algorithms and applications},
	author={Malliaros, Fragkiskos D and Giatsidis, Christos and Papadopoulos, Apostolos N and Vazirgiannis, Michalis},
	journal={The VLDB Journal},
	volume={29},
	number={1},
	pages={61--92},
	year={2020},
	publisher={Springer}
}

@Article{	  martin,
  author	= {Martin Rosvall and Jean{-}Charles Delvenne and Michael T.
		  Schaub and Renaud Lambiotte},
  title		= {Different approaches to community detection},
  journal	= {CoRR},
  volume	= {abs/1712.06468},
  year		= {2017},
  url		= {http://arxiv.org/abs/1712.06468},
  archiveprefix	= {arXiv},
  eprint	= {1712.06468},
  timestamp	= {Mon, 13 Aug 2018 16:45:58 +0200},
  biburl	= {https://dblp.org/rec/bib/journals/corr/abs-1712-06468},
  bibsource	= {dblp computer science bibliography, https://dblp.org}
}

@article{mata2020complex,
	title={Complex networks: a mini-review},
	author={Mata, Ang{\'e}lica Sousa da},
	journal={Brazilian Journal of Physics},
	volume={50},
	pages={658--672},
	year={2020},
	publisher={Springer}
}





@InProceedings{	  melnikov2018toward,
  author	= {A. {Melnikov} and J. {Lee} and V. {Rivera} and M.
		  {Mazzara} and L. {Longo}},
  booktitle	= {2018 IEEE 32nd International Conference on Advanced
		  Information Networking and Applications (AINA)},
  title		= {Towards Dynamic Interaction-Based Reputation Models},
  year		= {2018},
  volume	= {},
  number	= {},
  pages		= {422-428},
  doi		= {10.1109/AINA.2018.00070}
}

@Article{	  mitrovic2009,
	author	= {Mitrovi{\'{c}}, Marija and Tadi{\'{c}}, Bosiljka},
	title		= {Spectral and dynamical properties in classes of sparse
	networks with mesoscopic inhomogeneities},
	journal	= {Physical Review E - Statistical, Nonlinear, and Soft
	Matter Physics},
	volume	= {80},
	number	= {2},
	pages		= {026123},
	year		= {2009},
	publisher	= {American Physical Society}
}


@Article{	  mitrovic2010a,
	author	= {Mitrovi{\'{c}}, M. and Tadi{\'{c}}, B.},
	title		= {Bloggers behavior and emergent communities in Blog space},
	journal	= {The European Physical Journal B 2009 73:2},
	volume	= {73},
	number	= {2},
	pages		= {293--301},
	year		= {2009},
	publisher	= {Springer}
}

@Article{	  mitrovic2010b,
	author	= {Mitrovi{\'{c}}, M. and Paltoglou, G. and Tadi{\'{c}}, B.},
	title		= {Networks and emotion-driven user communities at popular
	blogs},
	journal	= {The European Physical Journal B 2010 77:4},
	volume	= {77},
	number	= {4},
	pages		= {597--609},
	year		= {2010},
	publisher	= {Springer}
}

@Article{	  mitrovic2011quantitative,
	title		= {Quantitative analysis of bloggers’ collective behavior
	powered by emotions},
	author	= {Mitrovi{\'c}, Marija and Paltoglou, Georgios and
	Tadi{\'c}, Bosiljka},
	journal	= {Journal of Statistical Mechanics: Theory and Experiment},
	volume	= {2011},
	number	= {02},
	pages		= {P02005},
	year		= {2011},
	publisher	= {IOP Publishing}
}

@InCollection{	  mitrovic2012,
	title		= {Emergence and structure of Cybercommunities},
	author	= {Mitrovi{\'{c}}, Marija and Tadi{\'{c}}, Bosiljka},
	booktitle	= {Springer Optimization and Its Applications},
	volume	= {57},
	pages		= {209--227},
	year		= {2012},
	publisher	= {Springer International Publishing}
}

@Article{	  mitrovic2015,
	title		= {The dynamics of meaningful social interactions and the
	emergence of collective knowledge},
	author	= {Dankulov, Marija Mitrovi{\'c} and Melnik, Roderick and
	Tadi{\'c}, Bosiljka},
	journal	= {Scientific reports},
	volume	= {5},
	number	= {1},
	pages		= {1--10},
	year		= {2015},
	publisher	= {Nature Publishing Group}
}




@Article{	  mitzenmacher2004brief,
  title		= {A brief history of generative models for power law and
		  lognormal distributions},
  author	= {Mitzenmacher, Michael},
  journal	= {Internet mathematics},
  volume	= {1},
  number	= {2},
  pages		= {226--251},
  year		= {2004},
  publisher	= {Taylor \& Francis}
}

@Article{	  mondani2014fat,
  title		= {Fat-tailed fluctuations in the size of organizations: the
		  role of social influence},
  author	= {Mondani, Hernan and Holme, Petter and Liljeros, Fredrik},
  journal	= {PLoS One},
  volume	= {9},
  number	= {7},
  pages		= {e100527},
  year		= {2014},
  publisher	= {Public Library of Science San Francisco, USA}
}

@InProceedings{	  myers2014,
  title		= "{The bursty dynamics of the twitter information network}",
  author	= {Myers, S. A. and Leskovec, J.},
  booktitle	= {Proceedings of the 23rd international conference on World
		  wide web},
  pages		= {913--924},
  year		= {2014}
}

@Book{		  nair2022fundamentals,
  title		= {The Fundamentals of Heavy Tails},
  author	= {Nair, J. and Wierman, A. and Zwart, B.},
  isbn		= {9781316511732},
  series	= {Cambridge Series in Statistical and Probabilistic
		  Mathematics},
  url		= {https://books.google.rs/books?id=T5NsEAAAQBAJ},
  year		= {2022},
  publisher	= {Cambridge University Press}
}

@article{newman2002assortative,
	title={Assortative mixing in networks},
	author={Newman, Mark EJ},
	journal={Physical review letters},
	volume={89},
	number={20},
	pages={208701},
	year={2002},
	publisher={APS}
}

@Article{	  newman2003structure,
  title		= "{The structure and function of complex networks}",
  author	= {Newman, M. E. J.},
  journal	= {SIAM review},
  volume	= {45},
  pages		= {167--256},
  year		= {2003},
  publisher	= {SIAM}
}

@article{newman2004finding,
	title={Finding and evaluating community structure in networks},
	author={Newman, Mark EJ and Girvan, Michelle},
	journal={Physical review E},
	volume={69},
	number={2},
	pages={026113},
	year={2004},
	publisher={APS}
}

@article{newman2004analysis,
	title={Analysis of weighted networks},
	author={Newman, Mark EJ},
	journal={Physical review E},
	volume={70},
	number={5},
	pages={056131},
	year={2004},
	publisher={APS}
}

@article{newman2005power,
	title={Power laws, Pareto distributions and Zipf's law},
	author={Newman, Mark EJ},
	journal={Contemporary physics},
	volume={46},
	number={5},
	pages={323--351},
	year={2005},
	publisher={Taylor \& Francis}
}

@article{newman2009random,
	title={Random graphs with clustering},
	author={Newman, Mark EJ},
	journal={Physical review letters},
	volume={103},
	number={5},
	pages={058701},
	year={2009},
	publisher={APS}
}

@Book{		  newman2010,
  title		= {Networks: An Introduction},
  author	= {Newman, M. E. J.},
  year		= {2010},
  publisher	= {Oxford University Press}
}

@Article{	  orsini2015quantifying,
  title		= "{Quantifying randomness in real networks}",
  author	= {Orsini, C. and Mitrovi\'c Dankulov, M. and
		  Colomer-de-Sim{\'o}n, P. and Jamakovic, A. and Mahadevan,
		  P. and Vahdat, A. and Bassler, K. E. and Toroczkai, Z. and
		  Bogu{\~n}{\'a}, M. and Caldarelli, G. and Fortunato, S. and
		  Kriukov D.},
  journal	= {Nat. Commun},
  volume	= {6},
  pages		= {8627},
  year		= {2015},
  publisher	= {Nature Publishing Group}
}

@Article{	  park2003,
	title		= {Origin of degree correlations in the Internet and other
	networks},
	author	= {Park, Juyong and Newman, Mark EJ},
	journal	= {Physical Review E},
	volume	= {68},
	number	= {2},
	pages		= {026112},
	year		= {2003},
	publisher	= {APS}
}


@Article{	  pham2016,
	title		= "{Joint estimation of preferential attachment and node
	fitness in growing complex networks}",
	author	= {Pham, T. and Sheridan, P. and Shimodaira, H.},
	journal	= {Sci. Rep},
	volume	= {6},
	pages		= {32558},
	year		= {2016},
	publisher	= {Nature Publishing Group}
}

@article{peel2017ground,
	title={The ground truth about metadata and community detection in networks},
	author={Peel, Leto and Larremore, Daniel B and Clauset, Aaron},
	journal={Science advances},
	volume={3},
	number={5},
	pages={e1602548},
	year={2017},
	publisher={American Association for the Advancement of Science}
}

@article{peixoto2019bayesian,
	title={Bayesian stochastic blockmodeling},
	author={Peixoto, Tiago P},
	journal={Advances in network clustering and blockmodeling},
	pages={289--332},
	year={2019},
	publisher={Wiley Online Library}
}


@Article{	  porter2018multilayer,
  title		= {What is... a multilayer network},
  author	= {Porter, Mason A},
  journal	= {Notices of the AMS},
  volume	= {65},
  number	= {11},
  year		= {2018}
}

@Article{	  powerlaw,
  doi		= {10.1371/journal.pone.0085777},
  author	= {Alstott, Jeff AND Bullmore, Ed AND Plenz, Dietmar},
  journal	= {PLOS ONE},
  publisher	= {Public Library of Science},
  title		= {powerlaw: A Python Package for Analysis of Heavy-Tailed
		  Distributions},
  year		= {2014},
  month		= {01},
  volume	= {9},
  url		= {https://doi.org/10.1371/journal.pone.0085777},
  pages		= {1-11},
  number	= {1}
}

@Article{	  qian2014origin,
  title		= {Origin of Gibrat law in Internet: Asymmetric distribution
		  of the correlation},
  author	= {Qian, Jiang-Hai and Chen, Qu and Han, Ding-Ding and Ma,
		  Yu-Gang and Shen, Wen-Qing},
  journal	= {Physical Review E},
  volume	= {89},
  number	= {6},
  pages		= {062808},
  year		= {2014},
  publisher	= {APS}
}

@Article{	  radicchi2008,
  title		= {Universality of citation distributions: Toward an
		  objective measure of scientific impact},
  author	= {Radicchi, Filippo and Fortunato, Santo and Castellano,
		  Claudio},
  journal	= {Proceedings of the National Academy of Sciences},
  volume	= {105},
  number	= {45},
  pages		= {17268--17272},
  year		= {2008},
  publisher	= {National Acad Sciences}
}

@article{reichardt2006statistical,
	title={Statistical mechanics of community detection},
	author={Reichardt, J{\"o}rg and Bornholdt, Stefan},
	journal={Physical review E},
	volume={74},
	number={1},
	pages={016110},
	year={2006},
	publisher={APS}
}


@article{rosvall2019different,
	title={Different approaches to community detection},
	author={Rosvall, Martin and Delvenne, Jean-Charles and Schaub, Michael T and Lambiotte, Renaud},
	journal={Advances in network clustering and blockmodeling},
	pages={105--119},
	year={2019},
	publisher={Wiley Online Library}
}

@InProceedings{	  santos2009use,
  title		= {On the use of the adjusted rand index as a metric for
		  evaluating supervised classification},
  author	= {Santos, Jorge M and Embrechts, Mark},
  booktitle	= {International conference on artificial neural networks},
  pages		= {175--184},
  year		= {2009},
  organization	= {Springer}
}

@Article{	  santos2019activity,
  title		= {Activity archetypes in question-and-Answer (Q8A)
		  websites—a study of 50 stack exchange instances},
  author	= {Santos, Tiago and Walk, Simon and Kern, Roman and
		  Strohmaier, Markus and Helic, Denis},
  journal	= {ACM Transactions on Social Computing},
  volume	= {2},
  number	= {1},
  pages		= {1--23},
  year		= {2019},
  publisher	= {ACM New York, NY, USA}
}

@InProceedings{	  santos2019self,
  title		= {Self-and cross-excitation in stack exchange question \&
		  answer communities},
  author	= {Santos, Tiago and Walk, Simon and Kern, Roman and
		  Strohmaier, Markus and Helic, Denis},
  booktitle	= {The World Wide Web Conference},
  pages		= {1634--1645},
  year		= {2019}
}

@Article{	  sarigol2014,
  title		= "{Predicting scientific success based on coauthorship
		  networks}",
  author	= {Sarig{\"o}l, E. and Pfitzner, R. and Scholtes, I. and
		  Garas, A. and Schweitzer, F.},
  journal	= {EPJ Data Science},
  volume	= {3},
  pages		= {9},
  year		= {2014},
  publisher	= {Springer}
}

@Article{	  sen2004,
	title		= {Accelerated growth in outgoing links in evolving networks:
	Deterministic versus stochastic picture},
	author	= {Sen, Parongama},
	journal	= {Physical Review E},
	volume	= {69},
	number	= {4},
	pages		= {046107},
	year		= {2004},
	publisher	= {APS}
}

@book{sen2014sociophysics,
	title={Sociophysics: an introduction},
	author={Sen, Parongama and Chakrabarti, Bikas K},
	year={2014},
	publisher={Oxford University Press}
}

@book{sethna2021statistical,
	title={Statistical mechanics: entropy, order parameters, and complexity},
	author={Sethna, James P},
	volume={14},
	year={2021},
	publisher={Oxford University Press, USA}
}


@Article{	  schneider2011modeling,
  title		= "{Modeling the topology of protein interaction networks}",
  author	= {Schneider, C. M. and de Arcangelis, L. and Herrmann, H.
		  J.},
  journal	= {Phys. Rev. E},
  volume	= {84},
  pages		= {016112},
  year		= {2011},
  publisher	= {APS}
}

@Article{	  schweitzer2018sociophysics,
  title		= {Sociophysics},
  author	= {Schweitzer, Frank},
  journal	= {Phys. Today},
  volume	= {71},
  number	= {2},
  pages		= {40},
  year		= {2018}
}

@Article{	  smiljanic2017associative,
  title		= {Associative nature of event participation dynamics: A
		  network theory approach},
  author	= {Smiljani{\'c}, Jelena and Mitrovi{\'c} Dankulov, Marija},
  journal	= {PloS one},
  volume	= {12},
  number	= {2},
  pages		= {e0171565},
  year		= {2017},
  publisher	= {Public Library of Science San Francisco, CA USA}
}

@article{sidorov2018fractality,
	title={Fractality and Multifractality Analysis of News Sentiments Time Series.},
	author={Sidorov, Sergei and Faizliev, Alexey and Balash, Vladimir},
	journal={IAENG International Journal of Applied Mathematics},
	volume={48},
	number={1},
	year={2018}
}


@Article{	  suvakov2013,
  author	= {\v{S}uvakov, M. and Mitrovi\'{c}, M. and Gligorijevi\'{c},
		  V. and Tadi\'{c}, B. },
  title		= "{How the online social networks are used: dialogues-based
		  structure of MySpace}",
  journal	= {Journal of The Royal Society Interface},
  volume	= {10},
  pages		= {20120819},
  year		= {2013}
}

@Article{	  stanley1996scaling,
	title		= {Scaling behaviour in the growth of companies},
	author	= {Stanley, Michael HR and Amaral, Luis AN and Buldyrev,
	Sergey V and Havlin, Shlomo and Leschhorn, Heiko and Maass,
	Philipp and Salinger, Michael A and Stanley, H Eugene},
	journal	= {Nature},
	volume	= {379},
	number	= {6568},
	pages		= {804--806},
	year		= {1996},
	publisher	= {Nature Publishing Group}
}

@Article{	  tadic2001,
	title		= {Dynamics of directed graphs: The world-wide Web},
	author	= {Tadi{\'{c}}, Bosiljka},
	journal	= {Physica A: Statistical Mechanics and its Applications},
	volume	= {293},
	number	= {1-2},
	pages		= {273--284},
	year		= {2001},
	publisher	= {North-Holland}
}

@InCollection{	  thurner2018,
  author	= {Thurner, Stefan and Hanel, Rudolf and Klimekl, Peter},
  isbn		= {9780198821939},
  title		= "{93Scaling}",
  booktitle	= "{Introduction to the Theory of Complex Systems}",
  publisher	= {Oxford University Press},
  year		= {2018},
  month		= {09}
}

@Article{	  tiago2,
  title		= {Quantification of network structural dissimilarities},
  author	= {Schieber, Tiago A and Carpi, Laura and D{\'\i}az-Guilera,
		  Albert and Pardalos, Panos M and Masoller, Cristina and
		  Ravetti, Mart{\'\i}n G},
  journal	= {Nature communications},
  volume	= {8},
  number	= {1},
  pages		= {1--10},
  year		= {2017},
  publisher	= {Nature Publishing Group}
}

@article{van2010graph,
	title={Graph theory and complex networks},
	author={Van Steen, Maarten},
	journal={An introduction},
	volume={144},
	year={2010}
}

@Article{	  verbavatz2020,
  title		= "{The growth equation of cities}",
  author	= {Verbavatz, V. and Barthelemy, M.},
  journal	= {Nature},
  volume	= {587},
  pages		= {397--401},
  year		= {2020},
  publisher	= {Nature Publishing Group}
}

@Article{	  vranic2021growth,
  title		= {Growth signals determine the topology of evolving
		  networks},
  author	= {Vrani{\'c}, Ana and Dankulov, Marija Mitrovi{\'c}},
  journal	= {Journal of Statistical Mechanics: Theory and Experiment},
  volume	= {2021},
  number	= {1},
  pages		= {013405},
  year		= {2021},
  publisher	= {IOP Publishing}
}

@Article{	  vranic2022sustainability,
  title		= {Sustainability of Stack Exchange Q$\backslash$\&A
		  communities: the role of trust},
  author	= {Vrani{\'c}, Ana and Toma{\v{s}}evi{\'c}, Aleksandar and
		  Alori{\'c}, Aleksandra and Dankulov, Marija Mitrovi{\'c}},
  journal	= {arXiv preprint arXiv:2205.07745},
  year		= {2022}
}

@Article{	  vranic2022universal,
  title		= {Universal growth of social groups: empirical analysis and
		  modeling},
  author	= {Vrani{\'c}, Ana and Smiljani{\'c}, Jelena and Dankulov,
		  Marija Mitrovi{\'c}},
  journal	= {arXiv preprint arXiv:2206.06732},
  year		= {2022}
}

@Article{	  watts1998collective,
  title		= "{Collective dynamics of ‘small-world’networks}",
  author	= {Watts, D. J. and Strogatz, S. H.},
  journal	= {Nature},
  volume	= {393},
  pages		= {440--442},
  year		= {1998},
  publisher	= {Nature Publishing Group}
}

@InProceedings{	  yashkina2020,
  title		= {Expressing Trust with Temporal Frequency of User
		  Interaction in Online Communities},
  author	= {{Yashkina}, {Ekaterina} and {Pinigin}, {Arseny} and {Lee},
		  {JooYoung} and {Mazzara}, {Manuel} and {Adekotujo},
		  {Akinlolu Solomon} and {Zubair}, {Adam} and {Longo},
		  {Luca}},
  editor	= {{Barolli}, {Leonard} and {Takizawa}, {Makoto} and {Xhafa},
		  {Fatos} and {Enokido}, {Tomoya}},
  year		= {2020},
  date		= {2020},
  publisher	= {Springer International Publishing},
  pages		= {1133--1146},
  series	= {Advances in Intelligent Systems and Computing},
  doi		= {10.1007/978-3-030-15032-7_95},
  address	= {Cham},
  langid	= {en}
}

@article{zhang2015identification,
	title={Identification of core-periphery structure in networks},
	author={Zhang, Xiao and Martin, Travis and Newman, Mark EJ},
	journal={Physical Review E},
	volume={91},
	number={3},
	pages={032803},
	year={2015},
	publisher={APS}
}

@InProceedings{	  zheleva2009co,
  title		= {Co-evolution of social and affiliation networks},
  author	= {Zheleva, Elena and Sharara, Hossam and Getoor, Lise},
  booktitle	= {Proceedings of the 15th ACM SIGKDD international
		  conference on Knowledge discovery and data mining},
  pages		= {1007--1016},
  year		= {2009}
}
